date,time,symbol,orig,bid,ask,bid_size,ask_size
2020-11-17,08:00:00.103,EUR/USD,Provider1,1.18348,1.18371,1000000,1000000
2020-11-17,08:00:00.144,EUR/USD,Provider3,1.18347,1.18372,500000,500000
2020-11-17,08:00:00.147,EUR/USD,Provider1,1.18347,1.1837,1000000,1000000
2020-11-17,08:00:00.152,EUR/USD,Provider3,1.18345,1.18373,500000,500000
2020-11-17,08:00:00.163,EUR/USD,Provider3,1.18346,1.18372,500000,500000
2020-11-17,08:00:00.174,EUR/USD,Provider1,1.18348,1.1837,1000000,1000000
2020-11-17,08:00:00.186,EUR/USD,Provider1,1.18348,1.18371,1000000,1000000
2020-11-17,08:00:00.196,EUR/USD,Provider3,1.18347,1.18372,500000,500000
2020-11-17,08:00:00.197,EUR/USD,Provider1,1.18348,1.18372,1000000,1000000
2020-11-17,08:00:00.199,EUR/USD,Provider1,1.18349,1.18372,1000000,1000000
2020-11-17,08:00:00.203,EUR/USD,Provider2,1.18343,1.18371,1000000,1000000
2020-11-17,08:00:00.220,EUR/USD,Provider4,1.18344,1.18375,1000000,1000000
2020-11-17,08:00:00.221,EUR/USD,Provider3,1.18348,1.18373,500000,500000
2020-11-17,08:00:00.223,EUR/USD,Provider1,1.18348,1.18372,1000000,1000000
2020-11-17,08:00:00.227,EUR/USD,Provider1,1.18348,1.18371,1000000,1000000
2020-11-17,08:00:00.234,EUR/USD,Provider1,1.18348,1.18372,1000000,1000000
2020-11-17,08:00:00.240,EUR/USD,Provider1,1.18349,1.18372,1000000,1000000
2020-11-17,08:00:00.247,EUR/USD,Provider1,1.18349,1.18373,1000000,1000000
2020-11-17,08:00:00.250,EUR/USD,Provider1,1.1835,1.18374,1000000,1000000
2020-11-17,08:00:00.252,EUR/USD,Provider1,1.1835,1.18373,1000000,1000000
2020-11-17,08:00:00.258,EUR/USD,Provider2,1.18345,1.18372,1000000,1000000
2020-11-17,08:00:00.264,EUR/USD,Provider1,1.1835,1.18374,1000000,1000000
2020-11-17,08:00:00.269,EUR/USD,Provider3,1.18349,1.18375,500000,500000
2020-11-17,08:00:00.283,EUR/USD,Provider2,1.18345,1.18373,1000000,1000000
2020-11-17,08:00:00.283,EUR/USD,Provider3,1.18348,1.18377,500000,500000
2020-11-17,08:00:00.286,EUR/USD,Provider1,1.18351,1.18374,1000000,1000000
2020-11-17,08:00:00.303,EUR/USD,Provider3,1.18349,1.18376,500000,500000
2020-11-17,08:00:00.305,EUR/USD,Provider1,1.1835,1.18373,1000000,1000000
2020-11-17,08:00:00.310,EUR/USD,Provider1,1.1835,1.18375,1000000,1000000
2020-11-17,08:00:00.315,EUR/USD,Provider1,1.18349,1.18375,1000000,1000000
2020-11-17,08:00:00.322,EUR/USD,Provider3,1.18349,1.18375,500000,500000
2020-11-17,08:00:00.323,EUR/USD,Provider1,1.1835,1.18375,1000000,1000000
2020-11-17,08:00:00.325,EUR/USD,Provider1,1.18351,1.18375,1000000,1000000
2020-11-17,08:00:00.334,EUR/USD,Provider3,1.1835,1.18375,500000,500000
2020-11-17,08:00:00.344,EUR/USD,Provider3,1.18349,1.18375,500000,500000
2020-11-17,08:00:00.345,EUR/USD,Provider2,1.18346,1.18374,1000000,1000000
2020-11-17,08:00:00.349,EUR/USD,Provider1,1.18352,1.18375,1000000,1000000
2020-11-17,08:00:00.353,EUR/USD,Provider1,1.18351,1.18375,1000000,1000000
2020-11-17,08:00:00.366,EUR/USD,Provider3,1.1835,1.18376,500000,500000
2020-11-17,08:00:00.367,EUR/USD,Provider1,1.18351,1.18374,1000000,1000000
2020-11-17,08:00:00.375,EUR/USD,Provider4,1.18345,1.18376,1000000,1000000
2020-11-17,08:00:00.392,EUR/USD,Provider1,1.1835,1.18373,1000000,1000000
2020-11-17,08:00:00.392,EUR/USD,Provider3,1.1835,1.18375,500000,500000
2020-11-17,08:00:00.395,EUR/USD,Provider1,1.18351,1.18373,1000000,1000000
2020-11-17,08:00:00.400,EUR/USD,Provider1,1.18351,1.18375,1000000,1000000
2020-11-17,08:00:00.411,EUR/USD,Provider1,1.18352,1.18375,1000000,1000000
2020-11-17,08:00:00.415,EUR/USD,Provider3,1.18351,1.18376,500000,500000
2020-11-17,08:00:00.461,EUR/USD,Provider1,1.18353,1.18375,1000000,1000000
2020-11-17,08:00:00.476,EUR/USD,Provider4,1.18347,1.18377,1000000,1000000
2020-11-17,08:00:00.476,EUR/USD,Provider1,1.18353,1.18376,1000000,1000000
2020-11-17,08:00:00.482,EUR/USD,Provider3,1.18351,1.18377,500000,500000
2020-11-17,08:00:00.506,EUR/USD,Provider2,1.18348,1.18375,1000000,1000000
2020-11-17,08:00:00.510,EUR/USD,Provider3,1.18352,1.18378,500000,500000
2020-11-17,08:00:00.517,EUR/USD,Provider1,1.18354,1.18377,1000000,1000000
2020-11-17,08:00:00.531,EUR/USD,Provider3,1.18353,1.18378,500000,500000
2020-11-17,08:00:00.534,EUR/USD,Provider1,1.18353,1.18376,1000000,1000000
2020-11-17,08:00:00.551,EUR/USD,Provider1,1.18353,1.18377,1000000,1000000
2020-11-17,08:00:00.563,EUR/USD,Provider1,1.18354,1.18377,1000000,1000000
2020-11-17,08:00:00.566,EUR/USD,Provider2,1.18349,1.18377,1000000,1000000
2020-11-17,08:00:00.569,EUR/USD,Provider1,1.18353,1.18377,1000000,1000000
2020-11-17,08:00:00.574,EUR/USD,Provider1,1.18352,1.18377,1000000,1000000
2020-11-17,08:00:00.579,EUR/USD,Provider3,1.18351,1.18378,500000,500000
2020-11-17,08:00:00.585,EUR/USD,Provider1,1.18353,1.18377,1000000,1000000
2020-11-17,08:00:00.593,EUR/USD,Provider3,1.18353,1.18379,500000,500000
2020-11-17,08:00:00.636,EUR/USD,Provider1,1.18352,1.18375,1000000,1000000
2020-11-17,08:00:00.637,EUR/USD,Provider3,1.18351,1.18379,500000,500000
2020-11-17,08:00:00.696,EUR/USD,Provider1,1.18353,1.18376,1000000,1000000
2020-11-17,08:00:00.744,EUR/USD,Provider2,1.18349,1.18376,1000000,1000000
2020-11-17,08:00:00.964,EUR/USD,Provider4,1.18348,1.18378,1000000,1000000
2020-11-17,08:00:01.043,EUR/USD,Provider2,1.18348,1.18376,1000000,1000000
2020-11-17,08:00:01.048,EUR/USD,Provider1,1.18352,1.18376,1000000,1000000
2020-11-17,08:00:01.056,EUR/USD,Provider3,1.1835,1.18379,500000,500000
2020-11-17,08:00:01.084,EUR/USD,Provider1,1.18351,1.18376,1000000,1000000
2020-11-17,08:00:01.096,EUR/USD,Provider2,1.18347,1.18375,1000000,1000000
2020-11-17,08:00:01.099,EUR/USD,Provider1,1.18351,1.18375,1000000,1000000
2020-11-17,08:00:01.103,EUR/USD,Provider1,1.1835,1.18375,1000000,1000000
2020-11-17,08:00:01.105,EUR/USD,Provider1,1.18349,1.18375,1000000,1000000
2020-11-17,08:00:01.106,EUR/USD,Provider1,1.18351,1.18375,1000000,1000000
2020-11-17,08:00:01.107,EUR/USD,Provider1,1.18351,1.18376,1000000,1000000
2020-11-17,08:00:01.108,EUR/USD,Provider4,1.18346,1.18376,1000000,1000000
2020-11-17,08:00:01.111,EUR/USD,Provider3,1.18351,1.18377,500000,500000
2020-11-17,08:00:01.116,EUR/USD,Provider3,1.1835,1.18378,500000,500000
2020-11-17,08:00:01.117,EUR/USD,Provider2,1.18348,1.18376,1000000,1000000
2020-11-17,08:00:01.150,EUR/USD,Provider3,1.18351,1.18377,500000,500000
2020-11-17,08:00:01.152,EUR/USD,Provider1,1.18351,1.18375,1000000,1000000
2020-11-17,08:00:01.155,EUR/USD,Provider4,1.18344,1.18375,1000000,1000000
2020-11-17,08:00:01.168,EUR/USD,Provider1,1.1835,1.18374,1000000,1000000
2020-11-17,08:00:01.172,EUR/USD,Provider2,1.18347,1.18375,1000000,1000000
2020-11-17,08:00:01.172,EUR/USD,Provider1,1.1835,1.18375,1000000,1000000
2020-11-17,08:00:01.172,EUR/USD,Provider1,1.18352,1.18375,1000000,1000000
2020-11-17,08:00:01.173,EUR/USD,Provider1,1.18352,1.18376,1000000,1000000
2020-11-17,08:00:01.174,EUR/USD,Provider3,1.18351,1.18376,500000,500000
2020-11-17,08:00:01.187,EUR/USD,Provider3,1.18351,1.18377,500000,500000
2020-11-17,08:00:01.198,EUR/USD,Provider1,1.18351,1.18376,1000000,1000000
2020-11-17,08:00:01.202,EUR/USD,Provider1,1.18351,1.18377,1000000,1000000
2020-11-17,08:00:01.208,EUR/USD,Provider3,1.1835,1.18378,500000,500000
2020-11-17,08:00:01.210,EUR/USD,Provider1,1.18352,1.18377,1000000,1000000
2020-11-17,08:00:01.217,EUR/USD,Provider1,1.18352,1.18376,1000000,1000000
2020-11-17,08:00:01.217,EUR/USD,Provider4,1.18347,1.18377,1000000,1000000
2020-11-17,08:00:01.220,EUR/USD,Provider2,1.18348,1.18376,1000000,1000000
2020-11-17,08:00:01.224,EUR/USD,Provider3,1.18352,1.18378,500000,500000
2020-11-17,08:00:01.256,EUR/USD,Provider3,1.1835,1.18378,500000,500000
2020-11-17,08:00:01.275,EUR/USD,Provider4,1.18344,1.18375,1000000,1000000
2020-11-17,08:00:01.276,EUR/USD,Provider2,1.18347,1.18375,1000000,1000000
2020-11-17,08:00:01.309,EUR/USD,Provider3,1.18351,1.18376,500000,500000
2020-11-17,08:00:01.328,EUR/USD,Provider3,1.18351,1.18377,500000,500000
2020-11-17,08:00:01.351,EUR/USD,Provider3,1.18349,1.18377,500000,500000
2020-11-17,08:00:01.368,EUR/USD,Provider3,1.18351,1.18377,500000,500000
2020-11-17,08:00:01.389,EUR/USD,Provider3,1.18349,1.18377,500000,500000
2020-11-17,08:00:01.394,EUR/USD,Provider2,1.18346,1.18374,1000000,1000000
2020-11-17,08:00:01.423,EUR/USD,Provider4,1.1834,1.18372,1000000,1000000
2020-11-17,08:00:01.424,EUR/USD,Provider3,1.18348,1.18374,500000,500000
2020-11-17,08:00:01.427,EUR/USD,Provider2,1.18344,1.18372,1000000,1000000
2020-11-17,08:00:01.437,EUR/USD,Provider3,1.18347,1.18373,500000,500000
2020-11-17,08:00:01.484,EUR/USD,Provider2,1.18343,1.18371,1000000,1000000
2020-11-17,08:00:01.508,EUR/USD,Provider3,1.18345,1.18373,500000,500000
2020-11-17,08:00:01.547,EUR/USD,Provider2,1.18344,1.18372,1000000,1000000
2020-11-17,08:00:01.550,EUR/USD,Provider3,1.18345,1.18374,500000,500000
2020-11-17,08:00:01.570,EUR/USD,Provider3,1.18345,1.18373,500000,500000
2020-11-17,08:00:01.573,EUR/USD,Provider4,1.18342,1.18373,1000000,1000000
2020-11-17,08:00:01.574,EUR/USD,Provider2,1.18343,1.18371,1000000,1000000
2020-11-17,08:00:01.637,EUR/USD,Provider2,1.18342,1.1837,1000000,1000000
2020-11-17,08:00:01.651,EUR/USD,Provider4,1.1834,1.18371,1000000,1000000
2020-11-17,08:00:01.827,EUR/USD,Provider3,1.18346,1.18372,500000,500000
2020-11-17,08:00:01.989,EUR/USD,Provider1,1.18346,1.1837,1000000,1000000
2020-11-17,08:00:02.037,EUR/USD,Provider3,1.18345,1.18373,500000,500000
2020-11-17,08:00:02.076,EUR/USD,Provider1,1.18347,1.1837,1000000,1000000
2020-11-17,08:00:02.096,EUR/USD,Provider1,1.18346,1.1837,1000000,1000000
2020-11-17,08:00:02.104,EUR/USD,Provider2,1.18342,1.18369,1000000,1000000
2020-11-17,08:00:02.109,EUR/USD,Provider3,1.18346,1.18372,500000,500000
2020-11-17,08:00:02.118,EUR/USD,Provider1,1.18345,1.1837,1000000,1000000
2020-11-17,08:00:02.134,EUR/USD,Provider4,1.18338,1.1837,1000000,1000000
2020-11-17,08:00:02.151,EUR/USD,Provider3,1.18345,1.18371,500000,500000
2020-11-17,08:00:02.220,EUR/USD,Provider1,1.18346,1.1837,1000000,1000000
2020-11-17,08:00:02.251,EUR/USD,Provider1,1.18345,1.1837,1000000,1000000
2020-11-17,08:00:02.267,EUR/USD,Provider1,1.18346,1.1837,1000000,1000000
2020-11-17,08:00:02.285,EUR/USD,Provider2,1.18341,1.18369,1000000,1000000
2020-11-17,08:00:02.286,EUR/USD,Provider1,1.18345,1.1837,1000000,1000000
2020-11-17,08:00:02.327,EUR/USD,Provider3,1.18344,1.18372,500000,500000
2020-11-17,08:00:02.507,EUR/USD,Provider1,1.18344,1.1837,1000000,1000000
2020-11-17,08:00:02.516,EUR/USD,Provider3,1.18343,1.18371,500000,500000
2020-11-17,08:00:02.518,EUR/USD,Provider2,1.18341,1.18368,1000000,1000000
2020-11-17,08:00:02.520,EUR/USD,Provider1,1.18343,1.1837,1000000,1000000
2020-11-17,08:00:02.523,EUR/USD,Provider4,1.18336,1.18369,1000000,1000000
2020-11-17,08:00:02.732,EUR/USD,Provider2,1.1834,1.18368,1000000,1000000
2020-11-17,08:00:02.747,EUR/USD,Provider1,1.18344,1.1837,1000000,1000000
2020-11-17,08:00:02.766,EUR/USD,Provider1,1.18345,1.1837,1000000,1000000
2020-11-17,08:00:02.775,EUR/USD,Provider1,1.18346,1.1837,1000000,1000000
2020-11-17,08:00:02.776,EUR/USD,Provider1,1.18345,1.1837,1000000,1000000
2020-11-17,08:00:02.785,EUR/USD,Provider1,1.18344,1.1837,1000000,1000000
2020-11-17,08:00:02.814,EUR/USD,Provider1,1.18345,1.1837,1000000,1000000
2020-11-17,08:00:02.820,EUR/USD,Provider4,1.18338,1.18369,1000000,1000000
2020-11-17,08:00:02.822,EUR/USD,Provider1,1.18344,1.1837,1000000,1000000
2020-11-17,08:00:02.827,EUR/USD,Provider1,1.18344,1.18368,1000000,1000000
2020-11-17,08:00:02.830,EUR/USD,Provider3,1.18343,1.1837,500000,500000
2020-11-17,08:00:02.839,EUR/USD,Provider1,1.18343,1.18368,1000000,1000000
2020-11-17,08:00:02.847,EUR/USD,Provider2,1.18339,1.18367,1000000,1000000
2020-11-17,08:00:02.850,EUR/USD,Provider3,1.18341,1.18369,500000,500000
2020-11-17,08:00:02.866,EUR/USD,Provider4,1.18336,1.18367,1000000,1000000
2020-11-17,08:00:03.022,EUR/USD,Provider2,1.18339,1.18366,1000000,1000000
2020-11-17,08:00:03.356,EUR/USD,Provider2,1.18339,1.18366,900000,1000000
2020-11-17,08:00:03.365,EUR/USD,Provider2,1.18339,1.18366,1000000,1000000
2020-11-17,08:00:03.385,EUR/USD,Provider1,1.18343,1.18366,1000000,1000000
2020-11-17,08:00:03.396,EUR/USD,Provider3,1.1834,1.18368,500000,500000
2020-11-17,08:00:03.397,EUR/USD,Provider2,1.18338,1.18366,900000,1000000
2020-11-17,08:00:03.410,EUR/USD,Provider1,1.18342,1.18366,1000000,1000000
2020-11-17,08:00:03.465,EUR/USD,Provider2,1.18338,1.18365,1000000,1000000
2020-11-17,08:00:03.473,EUR/USD,Provider1,1.18342,1.18365,1000000,1000000
2020-11-17,08:00:03.482,EUR/USD,Provider1,1.18341,1.18365,1000000,1000000
2020-11-17,08:00:03.512,EUR/USD,Provider1,1.18339,1.18365,1000000,1000000
2020-11-17,08:00:03.517,EUR/USD,Provider1,1.18338,1.18365,1000000,1000000
2020-11-17,08:00:03.520,EUR/USD,Provider1,1.18339,1.18365,1000000,1000000
2020-11-17,08:00:03.548,EUR/USD,Provider1,1.1834,1.18365,1000000,1000000
2020-11-17,08:00:03.565,EUR/USD,Provider1,1.18339,1.18365,1000000,1000000
2020-11-17,08:00:03.569,EUR/USD,Provider2,1.18337,1.18364,1000000,1000000
2020-11-17,08:00:03.572,EUR/USD,Provider3,1.1834,1.18367,500000,500000
2020-11-17,08:00:03.576,EUR/USD,Provider3,1.18339,1.18366,500000,500000
2020-11-17,08:00:03.578,EUR/USD,Provider4,1.18334,1.18366,1000000,1000000
2020-11-17,08:00:03.580,EUR/USD,Provider1,1.1834,1.18365,1000000,1000000
2020-11-17,08:00:03.600,EUR/USD,Provider4,1.18332,1.18363,1000000,1000000
2020-11-17,08:00:03.600,EUR/USD,Provider1,1.18339,1.18363,1000000,1000000
2020-11-17,08:00:03.617,EUR/USD,Provider1,1.1834,1.18363,1000000,1000000
2020-11-17,08:00:03.623,EUR/USD,Provider2,1.18335,1.18362,1000000,1000000
2020-11-17,08:00:03.624,EUR/USD,Provider3,1.18338,1.18365,500000,500000
2020-11-17,08:00:03.643,EUR/USD,Provider2,1.18336,1.18363,1000000,1000000
2020-11-17,08:00:03.643,EUR/USD,Provider3,1.18339,1.18366,500000,500000
2020-11-17,08:00:03.643,EUR/USD,Provider1,1.18341,1.18363,1000000,1000000
2020-11-17,08:00:03.650,EUR/USD,Provider3,1.18338,1.18365,500000,500000
2020-11-17,08:00:03.651,EUR/USD,Provider1,1.1834,1.18363,1000000,1000000
2020-11-17,08:00:03.657,EUR/USD,Provider1,1.18339,1.18363,1000000,1000000
2020-11-17,08:00:03.665,EUR/USD,Provider2,1.18335,1.18362,1000000,1000000
2020-11-17,08:00:03.672,EUR/USD,Provider1,1.18339,1.18361,1000000,1000000
2020-11-17,08:00:03.678,EUR/USD,Provider1,1.18338,1.18361,1000000,1000000
2020-11-17,08:00:03.704,EUR/USD,Provider1,1.18338,1.1836,1000000,1000000
2020-11-17,08:00:03.707,EUR/USD,Provider1,1.18337,1.1836,1000000,1000000
2020-11-17,08:00:03.723,EUR/USD,Provider1,1.18338,1.1836,1000000,1000000
2020-11-17,08:00:03.734,EUR/USD,Provider1,1.18338,1.18361,1000000,1000000
2020-11-17,08:00:03.750,EUR/USD,Provider3,1.18336,1.18364,500000,500000
2020-11-17,08:00:03.761,EUR/USD,Provider1,1.18338,1.1836,1000000,1000000
2020-11-17,08:00:03.771,EUR/USD,Provider1,1.18337,1.1836,1000000,1000000
2020-11-17,08:00:03.791,EUR/USD,Provider4,1.1833,1.18361,1000000,1000000
2020-11-17,08:00:03.814,EUR/USD,Provider2,1.18333,1.18361,1000000,1000000
2020-11-17,08:00:03.815,EUR/USD,Provider3,1.18335,1.18363,500000,500000
2020-11-17,08:00:03.856,EUR/USD,Provider1,1.18337,1.18361,1000000,1000000
2020-11-17,08:00:03.859,EUR/USD,Provider1,1.18338,1.18361,1000000,1000000
2020-11-17,08:00:03.874,EUR/USD,Provider4,1.18328,1.18361,1000000,1000000
2020-11-17,08:00:03.879,EUR/USD,Provider2,1.18332,1.1836,1000000,1000000
2020-11-17,08:00:03.920,EUR/USD,Provider1,1.18338,1.18362,1000000,1000000
2020-11-17,08:00:03.937,EUR/USD,Provider1,1.18339,1.18363,1000000,1000000
2020-11-17,08:00:03.940,EUR/USD,Provider1,1.18339,1.18362,1000000,1000000
2020-11-17,08:00:03.955,EUR/USD,Provider3,1.18336,1.18364,500000,500000
2020-11-17,08:00:03.956,EUR/USD,Provider2,1.18333,1.18361,1000000,1000000
2020-11-17,08:00:03.958,EUR/USD,Provider1,1.18339,1.18363,1000000,1000000
2020-11-17,08:00:03.974,EUR/USD,Provider1,1.18339,1.18362,1000000,1000000
2020-11-17,08:00:03.994,EUR/USD,Provider3,1.18337,1.18365,500000,500000
2020-11-17,08:00:04.010,EUR/USD,Provider3,1.18337,1.18364,500000,500000
2020-11-17,08:00:04.013,EUR/USD,Provider4,1.1833,1.18363,1000000,1000000
2020-11-17,08:00:04.013,EUR/USD,Provider1,1.18339,1.18363,1000000,1000000
2020-11-17,08:00:04.023,EUR/USD,Provider1,1.1834,1.18363,1000000,1000000
2020-11-17,08:00:04.039,EUR/USD,Provider1,1.18341,1.18365,1000000,1000000
2020-11-17,08:00:04.041,EUR/USD,Provider2,1.18335,1.18363,1000000,1000000
2020-11-17,08:00:04.057,EUR/USD,Provider1,1.1834,1.18365,1000000,1000000
2020-11-17,08:00:04.099,EUR/USD,Provider3,1.18338,1.18365,500000,500000
2020-11-17,08:00:04.120,EUR/USD,Provider1,1.1834,1.18363,1000000,1000000
2020-11-17,08:00:04.128,EUR/USD,Provider3,1.18337,1.18364,500000,500000
2020-11-17,08:00:04.154,EUR/USD,Provider1,1.18341,1.18364,1000000,1000000
2020-11-17,08:00:04.170,EUR/USD,Provider3,1.18338,1.18365,500000,500000
2020-11-17,08:00:04.174,EUR/USD,Provider1,1.18341,1.18365,1000000,1000000
2020-11-17,08:00:04.176,EUR/USD,Provider1,1.18342,1.18365,1000000,1000000
2020-11-17,08:00:04.184,EUR/USD,Provider3,1.18339,1.18366,500000,500000
2020-11-17,08:00:04.191,EUR/USD,Provider2,1.18336,1.18364,1000000,1000000
2020-11-17,08:00:04.192,EUR/USD,Provider4,1.18333,1.18366,1000000,1000000
2020-11-17,08:00:04.192,EUR/USD,Provider1,1.18343,1.18365,1000000,1000000
2020-11-17,08:00:04.195,EUR/USD,Provider1,1.18343,1.18366,1000000,1000000
2020-11-17,08:00:04.199,EUR/USD,Provider1,1.18343,1.18365,1000000,1000000
2020-11-17,08:00:04.200,EUR/USD,Provider1,1.18343,1.18366,1000000,1000000
2020-11-17,08:00:04.202,EUR/USD,Provider3,1.1834,1.18367,500000,500000
2020-11-17,08:00:04.211,EUR/USD,Provider3,1.18342,1.18368,500000,500000
2020-11-17,08:00:04.212,EUR/USD,Provider2,1.18337,1.18365,1000000,1000000
2020-11-17,08:00:04.215,EUR/USD,Provider1,1.18342,1.18365,1000000,1000000
2020-11-17,08:00:04.221,EUR/USD,Provider1,1.18344,1.18366,1000000,1000000
2020-11-17,08:00:04.228,EUR/USD,Provider1,1.18344,1.18367,1000000,1000000
2020-11-17,08:00:04.251,EUR/USD,Provider1,1.18344,1.18366,1000000,1000000
2020-11-17,08:00:04.285,EUR/USD,Provider4,1.18335,1.18368,1000000,1000000
2020-11-17,08:00:04.291,EUR/USD,Provider2,1.18339,1.18366,1000000,1000000
2020-11-17,08:00:04.306,EUR/USD,Provider1,1.18343,1.18366,1000000,1000000
2020-11-17,08:00:04.317,EUR/USD,Provider1,1.18344,1.18366,1000000,1000000
2020-11-17,08:00:04.332,EUR/USD,Provider1,1.18344,1.18367,1000000,1000000
2020-11-17,08:00:04.371,EUR/USD,Provider1,1.18345,1.18367,1000000,1000000
2020-11-17,08:00:04.373,EUR/USD,Provider1,1.18345,1.18368,1000000,1000000
2020-11-17,08:00:04.377,EUR/USD,Provider1,1.18345,1.18369,1000000,1000000
2020-11-17,08:00:04.378,EUR/USD,Provider3,1.18343,1.18369,500000,500000
2020-11-17,08:00:04.381,EUR/USD,Provider1,1.18345,1.1837,1000000,1000000
2020-11-17,08:00:04.384,EUR/USD,Provider1,1.18345,1.18371,1000000,1000000
2020-11-17,08:00:04.391,EUR/USD,Provider1,1.18345,1.1837,1000000,1000000
2020-11-17,08:00:04.396,EUR/USD,Provider3,1.18343,1.18372,500000,500000
2020-11-17,08:00:04.401,EUR/USD,Provider2,1.1834,1.18368,1000000,1000000
2020-11-17,08:00:04.446,EUR/USD,Provider2,1.18341,1.18369,1000000,1000000
2020-11-17,08:00:04.471,EUR/USD,Provider1,1.18345,1.18369,1000000,1000000
2020-11-17,08:00:04.483,EUR/USD,Provider1,1.18345,1.1837,1000000,1000000
2020-11-17,08:00:04.490,EUR/USD,Provider3,1.18343,1.18373,500000,500000
2020-11-17,08:00:04.509,EUR/USD,Provider3,1.18343,1.18372,500000,500000
2020-11-17,08:00:04.521,EUR/USD,Provider1,1.18345,1.18371,1000000,1000000
2020-11-17,08:00:04.529,EUR/USD,Provider3,1.18343,1.18373,500000,500000
2020-11-17,08:00:04.540,EUR/USD,Provider1,1.18345,1.1837,1000000,1000000
2020-11-17,08:00:04.598,EUR/USD,Provider1,1.18345,1.18369,1000000,1000000
2020-11-17,08:00:04.601,EUR/USD,Provider1,1.18345,1.1837,1000000,1000000
2020-11-17,08:00:04.602,EUR/USD,Provider1,1.18345,1.18369,1000000,1000000
2020-11-17,08:00:04.608,EUR/USD,Provider3,1.18343,1.18371,500000,500000
2020-11-17,08:00:04.609,EUR/USD,Provider1,1.18345,1.18368,1000000,1000000
2020-11-17,08:00:04.617,EUR/USD,Provider1,1.18344,1.18367,1000000,1000000
2020-11-17,08:00:04.622,EUR/USD,Provider1,1.18345,1.18368,1000000,1000000
2020-11-17,08:00:04.625,EUR/USD,Provider1,1.18345,1.1837,1000000,1000000
2020-11-17,08:00:04.626,EUR/USD,Provider1,1.18345,1.18369,1000000,1000000
2020-11-17,08:00:04.626,EUR/USD,Provider4,1.18337,1.1837,1000000,1000000
2020-11-17,08:00:04.628,EUR/USD,Provider2,1.18341,1.18368,1000000,1000000
2020-11-17,08:00:04.645,EUR/USD,Provider1,1.18345,1.18368,1000000,1000000
2020-11-17,08:00:04.663,EUR/USD,Provider3,1.18344,1.1837,500000,500000
2020-11-17,08:00:04.670,EUR/USD,Provider1,1.18345,1.18369,1000000,1000000
2020-11-17,08:00:04.681,EUR/USD,Provider1,1.18346,1.18369,1000000,1000000
2020-11-17,08:00:04.684,EUR/USD,Provider3,1.18344,1.1837,500000,500000
2020-11-17,08:00:04.691,EUR/USD,Provider2,1.1834,1.18367,1000000,1000000
2020-11-17,08:00:04.700,EUR/USD,Provider1,1.18346,1.18368,1000000,1000000
2020-11-17,08:00:04.770,EUR/USD,Provider1,1.18345,1.18368,1000000,1000000
2020-11-17,08:00:04.922,EUR/USD,Provider1,1.18345,1.18367,1000000,1000000
2020-11-17,08:00:04.940,EUR/USD,Provider2,1.1834,1.18368,1000000,1000000
2020-11-17,08:00:04.993,EUR/USD,Provider2,1.1834,1.18368,1000000,900000
2020-11-17,08:00:05.027,EUR/USD,Provider1,1.18344,1.18366,1000000,1000000
2020-11-17,08:00:05.033,EUR/USD,Provider1,1.18345,1.18367,1000000,1000000
2020-11-17,08:00:05.035,EUR/USD,Provider4,1.18336,1.18369,1000000,1000000
2020-11-17,08:00:05.036,EUR/USD,Provider1,1.18344,1.18366,1000000,1000000
2020-11-17,08:00:05.041,EUR/USD,Provider3,1.18343,1.18369,500000,500000
2020-11-17,08:00:05.057,EUR/USD,Provider1,1.18344,1.18367,1000000,1000000
2020-11-17,08:00:05.065,EUR/USD,Provider1,1.18345,1.18367,1000000,1000000
2020-11-17,08:00:05.074,EUR/USD,Provider3,1.18343,1.1837,500000,500000
2020-11-17,08:00:05.087,EUR/USD,Provider2,1.1834,1.18368,1000000,1000000
2020-11-17,08:00:05.098,EUR/USD,Provider1,1.18344,1.18367,1000000,1000000
2020-11-17,08:00:05.109,EUR/USD,Provider2,1.18339,1.18367,1000000,1000000
2020-11-17,08:00:05.125,EUR/USD,Provider1,1.18345,1.18367,1000000,1000000
2020-11-17,08:00:05.163,EUR/USD,Provider1,1.18344,1.18367,1000000,1000000
2020-11-17,08:00:05.166,EUR/USD,Provider1,1.18345,1.18368,1000000,1000000
2020-11-17,08:00:05.184,EUR/USD,Provider1,1.18345,1.18369,1000000,1000000
2020-11-17,08:00:05.199,EUR/USD,Provider3,1.18341,1.18369,500000,500000
2020-11-17,08:00:05.214,EUR/USD,Provider3,1.18343,1.18369,500000,500000
2020-11-17,08:00:05.226,EUR/USD,Provider1,1.18345,1.18368,1000000,1000000
2020-11-17,08:00:05.235,EUR/USD,Provider2,1.1834,1.18368,1000000,1000000
2020-11-17,08:00:05.262,EUR/USD,Provider3,1.18343,1.18369,500000,500000
2020-11-17,08:00:05.507,EUR/USD,Provider4,1.18336,1.18369,1000000,1000000
2020-11-17,08:00:05.883,EUR/USD,Provider1,1.18345,1.18369,1000000,1000000
2020-11-17,08:00:05.902,EUR/USD,Provider1,1.18345,1.1837,1000000,1000000
2020-11-17,08:00:05.905,EUR/USD,Provider3,1.18344,1.1837,500000,500000
2020-11-17,08:00:05.906,EUR/USD,Provider2,1.18341,1.18368,1000000,1000000
2020-11-17,08:00:05.910,EUR/USD,Provider3,1.18343,1.18371,500000,500000
2020-11-17,08:00:05.945,EUR/USD,Provider2,1.18342,1.18369,1000000,1000000
2020-11-17,08:00:05.980,EUR/USD,Provider4,1.18337,1.1837,1000000,1000000
2020-11-17,08:00:06.010,EUR/USD,Provider3,1.18343,1.18372,500000,500000
2020-11-17,08:00:06.013,EUR/USD,Provider1,1.18345,1.18369,1000000,1000000
2020-11-17,08:00:06.018,EUR/USD,Provider2,1.18341,1.18368,1000000,1000000
2020-11-17,08:00:06.098,EUR/USD,Provider3,1.18343,1.1837,500000,500000
2020-11-17,08:00:06.103,EUR/USD,Provider1,1.18345,1.18368,1000000,1000000
2020-11-17,08:00:06.106,EUR/USD,Provider3,1.18344,1.18369,500000,500000
2020-11-17,08:00:06.187,EUR/USD,Provider4,1.18335,1.18368,1000000,1000000
2020-11-17,08:00:06.192,EUR/USD,Provider3,1.18343,1.18369,500000,500000
2020-11-17,08:00:06.218,EUR/USD,Provider1,1.18345,1.18369,1000000,1000000
2020-11-17,08:00:06.223,EUR/USD,Provider1,1.18345,1.1837,1000000,1000000
2020-11-17,08:00:06.234,EUR/USD,Provider1,1.18345,1.18369,1000000,1000000
2020-11-17,08:00:06.241,EUR/USD,Provider1,1.18345,1.18368,1000000,1000000
2020-11-17,08:00:06.257,EUR/USD,Provider1,1.18345,1.18367,1000000,1000000
2020-11-17,08:00:06.260,EUR/USD,Provider1,1.18344,1.18367,1000000,1000000
2020-11-17,08:00:06.260,EUR/USD,Provider3,1.18343,1.18371,500000,500000
2020-11-17,08:00:06.262,EUR/USD,Provider1,1.18345,1.18367,1000000,1000000
2020-11-17,08:00:06.275,EUR/USD,Provider1,1.18345,1.18369,1000000,1000000
2020-11-17,08:00:06.279,EUR/USD,Provider1,1.18345,1.1837,1000000,1000000
2020-11-17,08:00:06.283,EUR/USD,Provider3,1.18344,1.18369,500000,500000
2020-11-17,08:00:06.284,EUR/USD,Provider2,1.18342,1.18369,1000000,1000000
2020-11-17,08:00:06.285,EUR/USD,Provider3,1.18343,1.18371,500000,500000
2020-11-17,08:00:06.287,EUR/USD,Provider1,1.18345,1.18371,1000000,1000000
2020-11-17,08:00:06.299,EUR/USD,Provider3,1.18343,1.18372,500000,500000
2020-11-17,08:00:06.307,EUR/USD,Provider1,1.18345,1.1837,1000000,1000000
2020-11-17,08:00:06.317,EUR/USD,Provider1,1.18347,1.1837,1000000,1000000
2020-11-17,08:00:06.322,EUR/USD,Provider3,1.18345,1.1837,500000,500000
2020-11-17,08:00:06.326,EUR/USD,Provider2,1.18341,1.18368,1000000,1000000
2020-11-17,08:00:06.330,EUR/USD,Provider4,1.18338,1.18371,1000000,1000000
2020-11-17,08:00:06.333,EUR/USD,Provider3,1.18346,1.18371,500000,500000
2020-11-17,08:00:06.333,EUR/USD,Provider1,1.18347,1.18369,1000000,1000000
2020-11-17,08:00:06.338,EUR/USD,Provider1,1.18347,1.1837,1000000,1000000
2020-11-17,08:00:06.345,EUR/USD,Provider1,1.18347,1.18369,1000000,1000000
2020-11-17,08:00:06.353,EUR/USD,Provider1,1.18345,1.18369,1000000,1000000
2020-11-17,08:00:06.354,EUR/USD,Provider3,1.18343,1.18371,500000,500000
2020-11-17,08:00:06.397,EUR/USD,Provider1,1.18345,1.1837,1000000,1000000
2020-11-17,08:00:06.404,EUR/USD,Provider3,1.18343,1.18371,500000,500000
2020-11-17,08:00:06.412,EUR/USD,Provider1,1.18345,1.18369,1000000,1000000
2020-11-17,08:00:06.436,EUR/USD,Provider2,1.1834,1.18368,1000000,1000000
2020-11-17,08:00:06.513,EUR/USD,Provider4,1.18335,1.18368,1000000,1000000
2020-11-17,08:00:06.518,EUR/USD,Provider1,1.18345,1.18368,1000000,1000000
2020-11-17,08:00:06.554,EUR/USD,Provider3,1.18344,1.18369,500000,500000
2020-11-17,08:00:06.584,EUR/USD,Provider1,1.18345,1.18367,1000000,1000000
2020-11-17,08:00:06.596,EUR/USD,Provider2,1.18339,1.18367,1000000,1000000
2020-11-17,08:00:06.607,EUR/USD,Provider1,1.18345,1.18368,1000000,1000000
2020-11-17,08:00:06.612,EUR/USD,Provider1,1.18345,1.18367,1000000,1000000
2020-11-17,08:00:06.614,EUR/USD,Provider3,1.18343,1.18369,500000,500000
2020-11-17,08:00:06.621,EUR/USD,Provider1,1.18345,1.18368,1000000,1000000
2020-11-17,08:00:06.623,EUR/USD,Provider2,1.1834,1.18368,1000000,1000000
2020-11-17,08:00:06.668,EUR/USD,Provider2,1.18339,1.18366,1000000,1000000
2020-11-17,08:00:07.033,EUR/USD,Provider1,1.18345,1.18367,1000000,1000000
2020-11-17,08:00:07.061,EUR/USD,Provider1,1.18344,1.18367,1000000,1000000
2020-11-17,08:00:07.063,EUR/USD,Provider1,1.18344,1.18366,1000000,1000000
2020-11-17,08:00:07.079,EUR/USD,Provider1,1.18343,1.18365,1000000,1000000
2020-11-17,08:00:07.082,EUR/USD,Provider1,1.18343,1.18366,1000000,1000000
2020-11-17,08:00:07.087,EUR/USD,Provider1,1.18344,1.18366,1000000,1000000
2020-11-17,08:00:07.124,EUR/USD,Provider1,1.18343,1.18365,1000000,1000000
2020-11-17,08:00:07.146,EUR/USD,Provider2,1.18338,1.18366,1000000,1000000
2020-11-17,08:00:07.172,EUR/USD,Provider3,1.18341,1.18369,500000,500000
2020-11-17,08:00:07.175,EUR/USD,Provider3,1.1834,1.18368,500000,500000
2020-11-17,08:00:07.215,EUR/USD,Provider1,1.18342,1.18365,1000000,1000000
2020-11-17,08:00:07.344,EUR/USD,Provider1,1.18343,1.18365,1000000,1000000
2020-11-17,08:00:07.369,EUR/USD,Provider1,1.18342,1.18365,1000000,1000000
2020-11-17,08:00:07.406,EUR/USD,Provider4,1.18333,1.18366,1000000,1000000
2020-11-17,08:00:07.413,EUR/USD,Provider1,1.18341,1.18365,1000000,1000000
2020-11-17,08:00:07.417,EUR/USD,Provider1,1.18342,1.18365,1000000,1000000
2020-11-17,08:00:07.424,EUR/USD,Provider3,1.18341,1.18367,500000,500000
2020-11-17,08:00:07.425,EUR/USD,Provider2,1.18337,1.18365,1000000,1000000
2020-11-17,08:00:07.437,EUR/USD,Provider3,1.1834,1.18368,500000,500000
2020-11-17,08:00:07.451,EUR/USD,Provider1,1.18343,1.18365,1000000,1000000
2020-11-17,08:00:07.455,EUR/USD,Provider1,1.18343,1.18366,1000000,1000000
2020-11-17,08:00:07.553,EUR/USD,Provider1,1.18344,1.18367,1000000,1000000
2020-11-17,08:00:07.589,EUR/USD,Provider2,1.18338,1.18365,1000000,1000000
2020-11-17,08:00:07.591,EUR/USD,Provider3,1.18342,1.18368,500000,500000
2020-11-17,08:00:07.601,EUR/USD,Provider4,1.18335,1.18368,1000000,1000000
2020-11-17,08:00:07.618,EUR/USD,Provider1,1.18344,1.18366,1000000,1000000
2020-11-17,08:00:07.626,EUR/USD,Provider3,1.1834,1.18368,500000,500000
2020-11-17,08:00:07.642,EUR/USD,Provider3,1.18342,1.18368,500000,500000
2020-11-17,08:00:07.733,EUR/USD,Provider2,1.18338,1.18366,1000000,1000000
2020-11-17,08:00:07.942,EUR/USD,Provider3,1.1834,1.18368,500000,500000
2020-11-17,08:00:08.030,EUR/USD,Provider3,1.18342,1.18368,500000,500000
2020-11-17,08:00:08.037,EUR/USD,Provider2,1.18339,1.18366,1000000,1000000
2020-11-17,08:00:08.041,EUR/USD,Provider3,1.18343,1.18369,500000,500000
2020-11-17,08:00:08.042,EUR/USD,Provider4,1.18336,1.18369,1000000,1000000
2020-11-17,08:00:08.193,EUR/USD,Provider2,1.18339,1.18367,1000000,1000000
2020-11-17,08:00:08.371,EUR/USD,Provider1,1.18345,1.18368,1000000,1000000
2020-11-17,08:00:08.541,EUR/USD,Provider4,1.18336,1.18369,1000000,1000000
2020-11-17,08:00:08.613,EUR/USD,Provider1,1.18345,1.18369,1000000,1000000
2020-11-17,08:00:08.673,EUR/USD,Provider3,1.18341,1.18369,500000,500000
2020-11-17,08:00:08.761,EUR/USD,Provider1,1.18344,1.18367,1000000,1000000
2020-11-17,08:00:08.828,EUR/USD,Provider1,1.18344,1.18366,1000000,1000000
2020-11-17,08:00:08.875,EUR/USD,Provider2,1.18338,1.18366,1000000,1000000
2020-11-17,08:00:08.875,EUR/USD,Provider3,1.1834,1.18368,500000,500000
2020-11-17,08:00:08.896,EUR/USD,Provider3,1.1834,1.18369,500000,500000
2020-11-17,08:00:09.042,EUR/USD,Provider4,1.18336,1.18367,1000000,1000000
2020-11-17,08:00:09.058,EUR/USD,Provider2,1.18338,1.18365,1000000,1000000
2020-11-17,08:00:09.114,EUR/USD,Provider1,1.18344,1.18367,1000000,1000000
2020-11-17,08:00:09.161,EUR/USD,Provider3,1.18342,1.18368,500000,500000
2020-11-17,08:00:09.295,EUR/USD,Provider2,1.18338,1.18366,1000000,1000000
2020-11-17,08:00:09.322,EUR/USD,Provider2,1.18338,1.18366,1000000,900000
2020-11-17,08:00:09.365,EUR/USD,Provider2,1.18338,1.18366,1000000,1000000
2020-11-17,08:00:09.542,EUR/USD,Provider4,1.18337,1.18368,1000000,1000000
2020-11-17,08:00:09.818,EUR/USD,Provider2,1.18339,1.18366,1000000,1000000
2020-11-17,08:00:09.887,EUR/USD,Provider1,1.18345,1.18368,1000000,1000000
2020-11-17,08:00:09.901,EUR/USD,Provider3,1.18343,1.18368,500000,500000
2020-11-17,08:00:09.949,EUR/USD,Provider3,1.18343,1.18369,500000,500000
2020-11-17,08:00:09.973,EUR/USD,Provider1,1.18345,1.1837,1000000,1000000
2020-11-17,08:00:09.981,EUR/USD,Provider1,1.18345,1.18371,1000000,1000000
2020-11-17,08:00:09.983,EUR/USD,Provider1,1.18345,1.18372,1000000,1000000
2020-11-17,08:00:09.988,EUR/USD,Provider1,1.18345,1.18371,1000000,1000000
2020-11-17,08:00:09.990,EUR/USD,Provider4,1.18339,1.1837,1000000,1000000
2020-11-17,08:00:10.002,EUR/USD,Provider1,1.18345,1.18372,1000000,1000000
2020-11-17,08:00:10.006,EUR/USD,Provider1,1.18345,1.18371,1000000,1000000
2020-11-17,08:00:10.022,EUR/USD,Provider3,1.18344,1.1837,500000,500000
2020-11-17,08:00:10.022,EUR/USD,Provider3,1.18343,1.18372,500000,500000
2020-11-17,08:00:10.023,EUR/USD,Provider2,1.18341,1.18369,1000000,1000000
2020-11-17,08:00:10.024,EUR/USD,Provider2,1.1834,1.18367,1000000,1000000
2020-11-17,08:00:10.026,EUR/USD,Provider1,1.18347,1.18371,1000000,1000000
2020-11-17,08:00:10.036,EUR/USD,Provider1,1.18347,1.1837,1000000,1000000
2020-11-17,08:00:10.048,EUR/USD,Provider2,1.18342,1.18369,1000000,1000000
2020-11-17,08:00:10.051,EUR/USD,Provider3,1.18343,1.18373,500000,500000
2020-11-17,08:00:10.053,EUR/USD,Provider3,1.18346,1.18371,500000,500000
2020-11-17,08:00:10.097,EUR/USD,Provider1,1.18346,1.18369,1000000,1000000
2020-11-17,08:00:10.104,EUR/USD,Provider1,1.18345,1.18369,1000000,1000000
2020-11-17,08:00:10.105,EUR/USD,Provider3,1.18343,1.18371,500000,500000
2020-11-17,08:00:10.121,EUR/USD,Provider4,1.18337,1.18368,1000000,1000000
2020-11-17,08:00:10.126,EUR/USD,Provider3,1.18343,1.18371,500000,500000
2020-11-17,08:00:10.165,EUR/USD,Provider2,1.18341,1.18368,1000000,1000000
2020-11-17,08:00:10.190,EUR/USD,Provider3,1.18344,1.18369,500000,500000
2020-11-17,08:00:10.205,EUR/USD,Provider3,1.18344,1.1837,500000,500000
2020-11-17,08:00:10.344,EUR/USD,Provider2,1.1834,1.18368,1000000,1000000
2020-11-17,08:00:10.620,EUR/USD,Provider4,1.18338,1.18369,1000000,1000000
2020-11-17,08:00:11.187,EUR/USD,Provider1,1.18345,1.1837,1000000,1000000
2020-11-17,08:00:11.212,EUR/USD,Provider4,1.18339,1.1837,1000000,1000000
2020-11-17,08:00:11.212,EUR/USD,Provider2,1.18341,1.18368,1000000,1000000
2020-11-17,08:00:11.213,EUR/USD,Provider3,1.18343,1.18371,500000,500000
2020-11-17,08:00:11.214,EUR/USD,Provider1,1.18345,1.18371,1000000,1000000
2020-11-17,08:00:11.216,EUR/USD,Provider1,1.18345,1.1837,1000000,1000000
2020-11-17,08:00:11.217,EUR/USD,Provider3,1.18343,1.18372,500000,500000
2020-11-17,08:00:11.258,EUR/USD,Provider2,1.18342,1.18369,1000000,1000000
2020-11-17,08:00:11.261,EUR/USD,Provider1,1.18347,1.1837,1000000,1000000
2020-11-17,08:00:11.265,EUR/USD,Provider3,1.18345,1.1837,500000,500000
2020-11-17,08:00:11.265,EUR/USD,Provider1,1.18346,1.18369,1000000,1000000
2020-11-17,08:00:11.269,EUR/USD,Provider1,1.18346,1.18368,1000000,1000000
2020-11-17,08:00:11.272,EUR/USD,Provider1,1.18346,1.18369,1000000,1000000
2020-11-17,08:00:11.282,EUR/USD,Provider2,1.18341,1.18368,1000000,1000000
2020-11-17,08:00:11.304,EUR/USD,Provider3,1.18345,1.18371,500000,500000
2020-11-17,08:00:11.355,EUR/USD,Provider1,1.18346,1.18368,1000000,1000000
2020-11-17,08:00:11.368,EUR/USD,Provider1,1.18345,1.18368,1000000,1000000
2020-11-17,08:00:11.372,EUR/USD,Provider1,1.18345,1.18369,1000000,1000000
2020-11-17,08:00:11.377,EUR/USD,Provider3,1.18343,1.18371,500000,500000
2020-11-17,08:00:11.381,EUR/USD,Provider4,1.18337,1.18368,1000000,1000000
2020-11-17,08:00:11.384,EUR/USD,Provider3,1.18344,1.1837,500000,500000
2020-11-17,08:00:11.411,EUR/USD,Provider1,1.18345,1.1837,1000000,1000000
2020-11-17,08:00:11.417,EUR/USD,Provider3,1.18343,1.18371,500000,500000
2020-11-17,08:00:11.427,EUR/USD,Provider1,1.18345,1.18371,1000000,1000000
2020-11-17,08:00:11.439,EUR/USD,Provider1,1.18345,1.1837,1000000,1000000
2020-11-17,08:00:11.450,EUR/USD,Provider3,1.18343,1.18373,500000,500000
2020-11-17,08:00:11.464,EUR/USD,Provider2,1.18342,1.18369,1000000,1000000
2020-11-17,08:00:11.478,EUR/USD,Provider1,1.18347,1.1837,1000000,1000000
2020-11-17,08:00:11.478,EUR/USD,Provider3,1.18345,1.1837,500000,500000
2020-11-17,08:00:11.480,EUR/USD,Provider1,1.18346,1.18369,1000000,1000000
2020-11-17,08:00:11.484,EUR/USD,Provider1,1.18346,1.18368,1000000,1000000
2020-11-17,08:00:11.496,EUR/USD,Provider1,1.18345,1.18368,1000000,1000000
2020-11-17,08:00:11.513,EUR/USD,Provider3,1.18344,1.1837,500000,500000
2020-11-17,08:00:11.522,EUR/USD,Provider2,1.18341,1.18368,1000000,1000000
2020-11-17,08:00:11.537,EUR/USD,Provider3,1.18344,1.18369,500000,500000
2020-11-17,08:00:11.557,EUR/USD,Provider1,1.18344,1.18367,1000000,1000000
2020-11-17,08:00:11.560,EUR/USD,Provider3,1.18343,1.18369,500000,500000
2020-11-17,08:00:11.563,EUR/USD,Provider2,1.1834,1.18367,1000000,1000000
2020-11-17,08:00:11.570,EUR/USD,Provider1,1.18345,1.18368,1000000,1000000
2020-11-17,08:00:11.844,EUR/USD,Provider4,1.18337,1.18368,1000000,1000000
2020-11-17,08:00:12.575,EUR/USD,Provider1,1.18344,1.18367,1000000,1000000
2020-11-17,08:00:12.595,EUR/USD,Provider2,1.18339,1.18367,1000000,1000000
2020-11-17,08:00:12.604,EUR/USD,Provider3,1.18341,1.18367,500000,500000
2020-11-17,08:00:12.606,EUR/USD,Provider1,1.18343,1.18366,1000000,1000000
2020-11-17,08:00:12.643,EUR/USD,Provider1,1.18344,1.18366,1000000,1000000
2020-11-17,08:00:12.643,EUR/USD,Provider2,1.18338,1.18366,1000000,1000000
2020-11-17,08:00:12.644,EUR/USD,Provider3,1.1834,1.18368,500000,500000
2020-11-17,08:00:12.670,EUR/USD,Provider3,1.18341,1.18367,500000,500000
2020-11-17,08:00:12.674,EUR/USD,Provider1,1.18343,1.18366,1000000,1000000
2020-11-17,08:00:12.684,EUR/USD,Provider1,1.18343,1.18365,1000000,1000000
2020-11-17,08:00:12.685,EUR/USD,Provider2,1.18337,1.18365,1000000,1000000
2020-11-17,08:00:12.685,EUR/USD,Provider4,1.18335,1.18366,1000000,1000000
2020-11-17,08:00:12.720,EUR/USD,Provider1,1.18343,1.18366,1000000,1000000
2020-11-17,08:00:12.731,EUR/USD,Provider1,1.18344,1.18366,1000000,1000000
2020-11-17,08:00:12.772,EUR/USD,Provider3,1.1834,1.18368,500000,500000
2020-11-17,08:00:12.781,EUR/USD,Provider1,1.18344,1.18367,1000000,1000000
2020-11-17,08:00:12.786,EUR/USD,Provider3,1.18342,1.18368,500000,500000
2020-11-17,08:00:12.787,EUR/USD,Provider2,1.18338,1.18366,1000000,1000000
2020-11-17,08:00:12.802,EUR/USD,Provider4,1.18336,1.18367,1000000,1000000
2020-11-17,08:00:13.098,EUR/USD,Provider1,1.18344,1.18366,1000000,1000000
2020-11-17,08:00:13.137,EUR/USD,Provider1,1.18343,1.18366,1000000,1000000
2020-11-17,08:00:13.140,EUR/USD,Provider2,1.18338,1.18365,1000000,1000000
2020-11-17,08:00:13.143,EUR/USD,Provider3,1.1834,1.18366,500000,500000
2020-11-17,08:00:13.144,EUR/USD,Provider4,1.18334,1.18366,1000000,1000000
2020-11-17,08:00:13.156,EUR/USD,Provider1,1.18342,1.18365,1000000,1000000
2020-11-17,08:00:13.160,EUR/USD,Provider1,1.18341,1.18365,1000000,1000000
2020-11-17,08:00:13.162,EUR/USD,Provider1,1.18339,1.18365,1000000,1000000
2020-11-17,08:00:13.164,EUR/USD,Provider1,1.1834,1.18365,1000000,1000000
2020-11-17,08:00:13.166,EUR/USD,Provider1,1.18339,1.18365,1000000,1000000
2020-11-17,08:00:13.166,EUR/USD,Provider1,1.18341,1.18365,1000000,1000000
2020-11-17,08:00:13.180,EUR/USD,Provider2,1.18337,1.18364,1000000,1000000
2020-11-17,08:00:13.181,EUR/USD,Provider3,1.18339,1.18366,500000,500000
2020-11-17,08:00:13.195,EUR/USD,Provider2,1.18336,1.18363,1000000,1000000
2020-11-17,08:00:13.197,EUR/USD,Provider4,1.18331,1.18363,1000000,1000000
2020-11-17,08:00:13.199,EUR/USD,Provider4,1.18334,1.18365,1000000,1000000
2020-11-17,08:00:13.200,EUR/USD,Provider1,1.1834,1.18363,1000000,1000000
2020-11-17,08:00:13.206,EUR/USD,Provider3,1.18338,1.18365,500000,500000
2020-11-17,08:00:13.218,EUR/USD,Provider1,1.18339,1.18363,1000000,1000000
2020-11-17,08:00:13.227,EUR/USD,Provider3,1.18338,1.18364,500000,500000
2020-11-17,08:00:13.229,EUR/USD,Provider1,1.1834,1.18363,1000000,1000000
2020-11-17,08:00:13.237,EUR/USD,Provider1,1.1834,1.18365,1000000,1000000
2020-11-17,08:00:13.240,EUR/USD,Provider3,1.18339,1.18365,500000,500000
2020-11-17,08:00:13.248,EUR/USD,Provider1,1.1834,1.18363,1000000,1000000
2020-11-17,08:00:13.259,EUR/USD,Provider3,1.18338,1.18365,500000,500000
2020-11-17,08:00:13.272,EUR/USD,Provider2,1.18334,1.18362,1000000,1000000
2020-11-17,08:00:13.314,EUR/USD,Provider4,1.18332,1.18363,1000000,1000000
2020-11-17,08:00:13.484,EUR/USD,Provider1,1.18339,1.18363,1000000,1000000
2020-11-17,08:00:13.564,EUR/USD,Provider1,1.18338,1.18363,1000000,1000000
2020-11-17,08:00:13.571,EUR/USD,Provider2,1.18334,1.18361,1000000,1000000
2020-11-17,08:00:13.577,EUR/USD,Provider1,1.18339,1.18363,1000000,1000000
2020-11-17,08:00:13.579,EUR/USD,Provider1,1.18338,1.18363,1000000,1000000
2020-11-17,08:00:13.593,EUR/USD,Provider4,1.18329,1.18362,1000000,1000000
2020-11-17,08:00:13.594,EUR/USD,Provider3,1.18336,1.18363,500000,500000
2020-11-17,08:00:13.638,EUR/USD,Provider1,1.18339,1.18363,1000000,1000000
2020-11-17,08:00:13.645,EUR/USD,Provider1,1.18338,1.18361,1000000,1000000
2020-11-17,08:00:13.662,EUR/USD,Provider3,1.18335,1.18364,500000,500000
2020-11-17,08:00:13.681,EUR/USD,Provider3,1.18335,1.18363,500000,500000
2020-11-17,08:00:13.719,EUR/USD,Provider2,1.18333,1.18361,1000000,1000000
2020-11-17,08:00:13.746,EUR/USD,Provider1,1.18336,1.18362,1000000,1000000
2020-11-17,08:00:13.748,EUR/USD,Provider1,1.18336,1.18363,1000000,1000000
2020-11-17,08:00:13.752,EUR/USD,Provider1,1.18336,1.18364,1000000,1000000
2020-11-17,08:00:13.993,EUR/USD,Provider4,1.18329,1.1836,1000000,1000000
2020-11-17,08:00:14.068,EUR/USD,Provider3,1.18337,1.18363,500000,500000
2020-11-17,08:00:14.211,EUR/USD,Provider3,1.18335,1.18363,500000,500000
2020-11-17,08:00:14.493,EUR/USD,Provider4,1.18329,1.1836,1000000,1000000
2020-11-17,08:00:14.994,EUR/USD,Provider4,1.1833,1.18361,1000000,1000000
2020-11-17,08:00:15.107,EUR/USD,Provider1,1.18336,1.18363,1000000,1000000
2020-11-17,08:00:15.270,EUR/USD,Provider1,1.18335,1.18363,1000000,1000000
2020-11-17,08:00:15.401,EUR/USD,Provider1,1.18336,1.18363,1000000,1000000
2020-11-17,08:00:15.995,EUR/USD,Provider4,1.1833,1.18361,1000000,1000000
2020-11-17,08:00:16.065,EUR/USD,Provider2,1.18333,1.1836,1000000,1000000
2020-11-17,08:00:16.120,EUR/USD,Provider1,1.18335,1.18363,1000000,1000000
2020-11-17,08:00:16.238,EUR/USD,Provider2,1.18333,1.18361,1000000,1000000
2020-11-17,08:00:16.330,EUR/USD,Provider1,1.18335,1.18362,1000000,1000000
2020-11-17,08:00:16.372,EUR/USD,Provider1,1.18335,1.18363,1000000,1000000
2020-11-17,08:00:16.377,EUR/USD,Provider1,1.18336,1.18363,1000000,1000000
2020-11-17,08:00:16.407,EUR/USD,Provider1,1.18336,1.18362,1000000,1000000
2020-11-17,08:00:16.436,EUR/USD,Provider1,1.18336,1.18363,1000000,1000000
2020-11-17,08:00:16.447,EUR/USD,Provider1,1.18335,1.18362,1000000,1000000
2020-11-17,08:00:16.472,EUR/USD,Provider1,1.18334,1.18362,1000000,1000000
2020-11-17,08:00:16.478,EUR/USD,Provider1,1.18334,1.18361,1000000,1000000
2020-11-17,08:00:16.487,EUR/USD,Provider1,1.18333,1.18361,1000000,1000000
2020-11-17,08:00:16.493,EUR/USD,Provider2,1.18332,1.1836,1000000,1000000
2020-11-17,08:00:16.495,EUR/USD,Provider1,1.18333,1.1836,1000000,1000000
2020-11-17,08:00:16.523,EUR/USD,Provider1,1.18334,1.18361,1000000,1000000
2020-11-17,08:00:16.524,EUR/USD,Provider1,1.18333,1.18361,1000000,1000000
2020-11-17,08:00:16.524,EUR/USD,Provider3,1.18336,1.18362,500000,500000
2020-11-17,08:00:16.525,EUR/USD,Provider3,1.18333,1.18361,500000,500000
2020-11-17,08:00:16.527,EUR/USD,Provider1,1.18332,1.1836,1000000,1000000
2020-11-17,08:00:16.528,EUR/USD,Provider1,1.18333,1.1836,1000000,1000000
2020-11-17,08:00:16.536,EUR/USD,Provider1,1.18334,1.18361,1000000,1000000
2020-11-17,08:00:16.539,EUR/USD,Provider1,1.18333,1.18361,1000000,1000000
2020-11-17,08:00:16.547,EUR/USD,Provider1,1.18333,1.1836,1000000,1000000
2020-11-17,08:00:16.548,EUR/USD,Provider4,1.18327,1.1836,1000000,1000000
2020-11-17,08:00:16.553,EUR/USD,Provider2,1.18331,1.18359,1000000,1000000
2020-11-17,08:00:16.555,EUR/USD,Provider1,1.18333,1.18361,1000000,1000000
2020-11-17,08:00:16.566,EUR/USD,Provider1,1.18333,1.18359,1000000,1000000
2020-11-17,08:00:16.576,EUR/USD,Provider3,1.18333,1.1836,500000,500000
2020-11-17,08:00:16.584,EUR/USD,Provider2,1.1833,1.18358,1000000,1000000
2020-11-17,08:00:16.592,EUR/USD,Provider1,1.18333,1.1836,1000000,1000000
2020-11-17,08:00:16.605,EUR/USD,Provider1,1.18334,1.1836,1000000,1000000
2020-11-17,08:00:16.620,EUR/USD,Provider1,1.18334,1.18359,1000000,1000000
2020-11-17,08:00:16.627,EUR/USD,Provider1,1.18333,1.18359,1000000,1000000
2020-11-17,08:00:16.638,EUR/USD,Provider1,1.18334,1.18359,1000000,1000000
2020-11-17,08:00:16.641,EUR/USD,Provider1,1.18335,1.1836,1000000,1000000
2020-11-17,08:00:16.645,EUR/USD,Provider1,1.18335,1.18361,1000000,1000000
2020-11-17,08:00:16.647,EUR/USD,Provider2,1.18331,1.18359,1000000,1000000
2020-11-17,08:00:16.649,EUR/USD,Provider4,1.18329,1.1836,1000000,1000000
2020-11-17,08:00:16.651,EUR/USD,Provider3,1.18335,1.18361,500000,500000
2020-11-17,08:00:16.655,EUR/USD,Provider1,1.18336,1.18361,1000000,1000000
2020-11-17,08:00:16.659,EUR/USD,Provider1,1.18335,1.1836,1000000,1000000
2020-11-17,08:00:16.664,EUR/USD,Provider1,1.18334,1.1836,1000000,1000000
2020-11-17,08:00:16.667,EUR/USD,Provider4,1.18326,1.1836,1000000,1000000
2020-11-17,08:00:16.671,EUR/USD,Provider1,1.18333,1.1836,1000000,1000000
2020-11-17,08:00:16.678,EUR/USD,Provider3,1.18334,1.1836,500000,500000
2020-11-17,08:00:16.689,EUR/USD,Provider1,1.18333,1.18358,1000000,1000000
2020-11-17,08:00:16.693,EUR/USD,Provider2,1.1833,1.18357,1000000,1000000
2020-11-17,08:00:16.693,EUR/USD,Provider3,1.18332,1.18359,500000,500000
2020-11-17,08:00:16.697,EUR/USD,Provider1,1.18334,1.18358,1000000,1000000
2020-11-17,08:00:16.699,EUR/USD,Provider3,1.18331,1.18359,500000,500000
2020-11-17,08:00:16.700,EUR/USD,Provider1,1.18333,1.18358,1000000,1000000
2020-11-17,08:00:16.715,EUR/USD,Provider1,1.18333,1.18357,1000000,1000000
2020-11-17,08:00:16.722,EUR/USD,Provider2,1.18329,1.18356,1000000,1000000
2020-11-17,08:00:16.726,EUR/USD,Provider1,1.18333,1.18358,1000000,1000000
2020-11-17,08:00:16.834,EUR/USD,Provider4,1.18326,1.18357,1000000,1000000
2020-11-17,08:00:16.837,EUR/USD,Provider1,1.18333,1.18357,1000000,1000000
2020-11-17,08:00:16.840,EUR/USD,Provider3,1.1833,1.18359,500000,500000
2020-11-17,08:00:16.843,EUR/USD,Provider1,1.18333,1.18358,1000000,1000000
2020-11-17,08:00:16.845,EUR/USD,Provider1,1.18333,1.18357,1000000,1000000
2020-11-17,08:00:16.896,EUR/USD,Provider2,1.18328,1.18356,1000000,1000000
2020-11-17,08:00:16.906,EUR/USD,Provider1,1.18332,1.18356,1000000,1000000
2020-11-17,08:00:16.944,EUR/USD,Provider1,1.18331,1.18355,1000000,1000000
2020-11-17,08:00:16.945,EUR/USD,Provider2,1.18327,1.18355,1000000,1000000
2020-11-17,08:00:16.947,EUR/USD,Provider1,1.1833,1.18355,1000000,1000000
2020-11-17,08:00:16.951,EUR/USD,Provider1,1.18329,1.18355,1000000,1000000
2020-11-17,08:00:16.953,EUR/USD,Provider1,1.1833,1.18355,1000000,1000000
2020-11-17,08:00:16.954,EUR/USD,Provider1,1.18329,1.18355,1000000,1000000
2020-11-17,08:00:16.956,EUR/USD,Provider4,1.18322,1.18354,1000000,1000000
2020-11-17,08:00:16.958,EUR/USD,Provider3,1.1833,1.18358,500000,500000
2020-11-17,08:00:16.969,EUR/USD,Provider1,1.1833,1.18355,1000000,1000000
2020-11-17,08:00:16.970,EUR/USD,Provider1,1.18329,1.18355,1000000,1000000
2020-11-17,08:00:16.971,EUR/USD,Provider1,1.1833,1.18355,1000000,1000000
2020-11-17,08:00:16.971,EUR/USD,Provider1,1.18329,1.18355,1000000,1000000
2020-11-17,08:00:16.986,EUR/USD,Provider2,1.18326,1.18354,1000000,1000000
2020-11-17,08:00:16.989,EUR/USD,Provider1,1.1833,1.18355,1000000,1000000
2020-11-17,08:00:16.990,EUR/USD,Provider3,1.18328,1.18356,500000,500000
2020-11-17,08:00:17.001,EUR/USD,Provider1,1.18329,1.18353,1000000,1000000
2020-11-17,08:00:17.021,EUR/USD,Provider3,1.18327,1.18355,500000,500000
2020-11-17,08:00:17.030,EUR/USD,Provider2,1.18325,1.18353,1000000,1000000
2020-11-17,08:00:17.085,EUR/USD,Provider1,1.18328,1.18353,1000000,1000000
2020-11-17,08:00:17.090,EUR/USD,Provider3,1.18326,1.18354,500000,500000
2020-11-17,08:00:17.096,EUR/USD,Provider1,1.18328,1.18352,1000000,1000000
2020-11-17,08:00:17.104,EUR/USD,Provider2,1.18324,1.18352,1000000,1000000
2020-11-17,08:00:17.111,EUR/USD,Provider1,1.18329,1.18353,1000000,1000000
2020-11-17,08:00:17.113,EUR/USD,Provider1,1.18328,1.18352,1000000,1000000
2020-11-17,08:00:17.243,EUR/USD,Provider2,1.18324,1.18351,1000000,1000000
2020-11-17,08:00:17.262,EUR/USD,Provider4,1.18322,1.18353,1000000,1000000
2020-11-17,08:00:17.700,EUR/USD,Provider2,1.18324,1.18352,1000000,1000000
2020-11-17,08:00:18.152,EUR/USD,Provider2,1.18324,1.18351,1000000,1000000
2020-11-17,08:00:18.215,EUR/USD,Provider1,1.18329,1.18353,1000000,1000000
2020-11-17,08:00:18.222,EUR/USD,Provider1,1.1833,1.18355,1000000,1000000
2020-11-17,08:00:18.269,EUR/USD,Provider1,1.1833,1.18356,1000000,1000000
2020-11-17,08:00:18.272,EUR/USD,Provider1,1.1833,1.18357,1000000,1000000
2020-11-17,08:00:18.289,EUR/USD,Provider1,1.1833,1.18356,1000000,1000000
2020-11-17,08:00:18.295,EUR/USD,Provider3,1.18326,1.18355,500000,500000
2020-11-17,08:00:18.345,EUR/USD,Provider2,1.18326,1.18353,1000000,1000000
2020-11-17,08:00:18.416,EUR/USD,Provider4,1.18324,1.18355,1000000,1000000
2020-11-17,08:00:18.447,EUR/USD,Provider1,1.18333,1.18356,1000000,1000000
2020-11-17,08:00:18.484,EUR/USD,Provider1,1.18333,1.18357,1000000,1000000
2020-11-17,08:00:18.547,EUR/USD,Provider3,1.18328,1.18358,500000,500000
2020-11-17,08:00:18.550,EUR/USD,Provider3,1.18328,1.18357,500000,500000
2020-11-17,08:00:18.566,EUR/USD,Provider3,1.18329,1.18357,500000,500000
2020-11-17,08:00:18.578,EUR/USD,Provider3,1.18331,1.18358,500000,500000
2020-11-17,08:00:18.602,EUR/USD,Provider1,1.18333,1.18356,1000000,1000000
2020-11-17,08:00:18.608,EUR/USD,Provider1,1.18333,1.18357,1000000,1000000
2020-11-17,08:00:18.619,EUR/USD,Provider2,1.18327,1.18354,1000000,1000000
2020-11-17,08:00:18.628,EUR/USD,Provider2,1.18328,1.18356,1000000,1000000
2020-11-17,08:00:18.642,EUR/USD,Provider4,1.18326,1.18357,1000000,1000000
2020-11-17,08:00:18.659,EUR/USD,Provider3,1.1833,1.18358,500000,500000
2020-11-17,08:00:18.670,EUR/USD,Provider3,1.18331,1.18358,500000,500000
2020-11-17,08:00:18.692,EUR/USD,Provider3,1.1833,1.18358,500000,500000
2020-11-17,08:00:18.717,EUR/USD,Provider1,1.18333,1.18356,1000000,1000000
2020-11-17,08:00:18.724,EUR/USD,Provider2,1.18327,1.18355,1000000,1000000
2020-11-17,08:00:18.760,EUR/USD,Provider4,1.18324,1.18355,1000000,1000000
2020-11-17,08:00:18.761,EUR/USD,Provider1,1.18332,1.18355,1000000,1000000
2020-11-17,08:00:18.775,EUR/USD,Provider1,1.18331,1.18355,1000000,1000000
2020-11-17,08:00:18.783,EUR/USD,Provider1,1.18332,1.18355,1000000,1000000
2020-11-17,08:00:18.793,EUR/USD,Provider1,1.18331,1.18355,1000000,1000000
2020-11-17,08:00:18.806,EUR/USD,Provider1,1.18331,1.18354,1000000,1000000
2020-11-17,08:00:18.811,EUR/USD,Provider1,1.1833,1.18353,1000000,1000000
2020-11-17,08:00:18.820,EUR/USD,Provider1,1.18331,1.18354,1000000,1000000
2020-11-17,08:00:18.827,EUR/USD,Provider2,1.18326,1.18354,1000000,1000000
2020-11-17,08:00:18.830,EUR/USD,Provider3,1.1833,1.18357,500000,500000
2020-11-17,08:00:18.832,EUR/USD,Provider3,1.18329,1.18356,500000,500000
2020-11-17,08:00:18.834,EUR/USD,Provider1,1.1833,1.18353,1000000,1000000
2020-11-17,08:00:18.851,EUR/USD,Provider1,1.1833,1.18355,1000000,1000000
2020-11-17,08:00:18.867,EUR/USD,Provider1,1.18331,1.18355,1000000,1000000
2020-11-17,08:00:18.868,EUR/USD,Provider2,1.18325,1.18353,1000000,1000000
2020-11-17,08:00:18.870,EUR/USD,Provider1,1.1833,1.18355,1000000,1000000
2020-11-17,08:00:18.871,EUR/USD,Provider3,1.18328,1.18355,500000,500000
2020-11-17,08:00:18.883,EUR/USD,Provider1,1.18329,1.18353,1000000,1000000
2020-11-17,08:00:18.889,EUR/USD,Provider1,1.1833,1.18353,1000000,1000000
2020-11-17,08:00:18.891,EUR/USD,Provider3,1.18327,1.18355,500000,500000
2020-11-17,08:00:18.893,EUR/USD,Provider1,1.18331,1.18354,1000000,1000000
2020-11-17,08:00:18.898,EUR/USD,Provider1,1.1833,1.18353,1000000,1000000
2020-11-17,08:00:18.903,EUR/USD,Provider3,1.18328,1.18356,500000,500000
2020-11-17,08:00:18.911,EUR/USD,Provider4,1.18322,1.18353,1000000,1000000
2020-11-17,08:00:18.912,EUR/USD,Provider3,1.18327,1.18355,500000,500000
2020-11-17,08:00:18.916,EUR/USD,Provider1,1.18329,1.18353,1000000,1000000
2020-11-17,08:00:18.929,EUR/USD,Provider1,1.1833,1.18353,1000000,1000000
2020-11-17,08:00:18.932,EUR/USD,Provider2,1.18324,1.18352,1000000,1000000
2020-11-17,08:00:18.947,EUR/USD,Provider1,1.18331,1.18354,1000000,1000000
2020-11-17,08:00:18.961,EUR/USD,Provider1,1.18331,1.18353,1000000,1000000
2020-11-17,08:00:18.967,EUR/USD,Provider1,1.18331,1.18355,1000000,1000000
2020-11-17,08:00:18.970,EUR/USD,Provider3,1.18328,1.18356,500000,500000
2020-11-17,08:00:18.974,EUR/USD,Provider1,1.1833,1.18353,1000000,1000000
2020-11-17,08:00:18.978,EUR/USD,Provider2,1.18325,1.18353,1000000,1000000
2020-11-17,08:00:18.980,EUR/USD,Provider3,1.18327,1.18355,500000,500000
2020-11-17,08:00:18.984,EUR/USD,Provider1,1.18329,1.18352,1000000,1000000
2020-11-17,08:00:18.993,EUR/USD,Provider2,1.18324,1.18352,1000000,1000000
2020-11-17,08:00:18.999,EUR/USD,Provider3,1.18326,1.18354,500000,500000
2020-11-17,08:00:19.021,EUR/USD,Provider4,1.1832,1.18353,1000000,1000000
2020-11-17,08:00:19.072,EUR/USD,Provider2,1.18325,1.18352,1000000,1000000
2020-11-17,08:00:19.073,EUR/USD,Provider1,1.1833,1.18353,1000000,1000000
2020-11-17,08:00:19.075,EUR/USD,Provider1,1.1833,1.18354,1000000,1000000
2020-11-17,08:00:19.076,EUR/USD,Provider1,1.1833,1.18355,1000000,1000000
2020-11-17,08:00:19.079,EUR/USD,Provider1,1.1833,1.18354,1000000,1000000
2020-11-17,08:00:19.080,EUR/USD,Provider1,1.1833,1.18355,1000000,1000000
2020-11-17,08:00:19.093,EUR/USD,Provider4,1.18322,1.18355,1000000,1000000
2020-11-17,08:00:19.094,EUR/USD,Provider3,1.18327,1.18355,500000,500000
2020-11-17,08:00:19.095,EUR/USD,Provider3,1.18328,1.18358,500000,500000
2020-11-17,08:00:19.102,EUR/USD,Provider1,1.1833,1.18354,1000000,1000000
2020-11-17,08:00:19.126,EUR/USD,Provider1,1.1833,1.18355,1000000,1000000
2020-11-17,08:00:19.132,EUR/USD,Provider1,1.1833,1.18356,1000000,1000000
2020-11-17,08:00:19.144,EUR/USD,Provider1,1.18333,1.18355,1000000,1000000
2020-11-17,08:00:19.148,EUR/USD,Provider1,1.18333,1.18356,1000000,1000000
2020-11-17,08:00:19.165,EUR/USD,Provider1,1.18333,1.18355,1000000,1000000
2020-11-17,08:00:19.167,EUR/USD,Provider1,1.18333,1.18356,1000000,1000000
2020-11-17,08:00:19.179,EUR/USD,Provider3,1.1833,1.18357,500000,500000
2020-11-17,08:00:19.179,EUR/USD,Provider2,1.18326,1.18354,1000000,1000000
2020-11-17,08:00:19.185,EUR/USD,Provider3,1.18331,1.18358,500000,500000
2020-11-17,08:00:19.195,EUR/USD,Provider2,1.18328,1.18355,1000000,1000000
2020-11-17,08:00:19.206,EUR/USD,Provider1,1.18333,1.18355,1000000,1000000
2020-11-17,08:00:19.208,EUR/USD,Provider1,1.1833,1.18354,1000000,1000000
2020-11-17,08:00:19.218,EUR/USD,Provider3,1.1833,1.18357,500000,500000
2020-11-17,08:00:19.219,EUR/USD,Provider1,1.1833,1.18355,1000000,1000000
2020-11-17,08:00:19.228,EUR/USD,Provider1,1.18331,1.18354,1000000,1000000
2020-11-17,08:00:19.234,EUR/USD,Provider3,1.18329,1.18356,500000,500000
2020-11-17,08:00:19.245,EUR/USD,Provider1,1.18331,1.18353,1000000,1000000
2020-11-17,08:00:19.246,EUR/USD,Provider2,1.18326,1.18354,1000000,1000000
2020-11-17,08:00:19.258,EUR/USD,Provider1,1.1833,1.18353,1000000,1000000
2020-11-17,08:00:19.262,EUR/USD,Provider3,1.18328,1.18355,500000,500000
2020-11-17,08:00:19.272,EUR/USD,Provider1,1.18331,1.18355,1000000,1000000
2020-11-17,08:00:19.275,EUR/USD,Provider1,1.18332,1.18355,1000000,1000000
2020-11-17,08:00:19.279,EUR/USD,Provider1,1.18331,1.18355,1000000,1000000
2020-11-17,08:00:19.281,EUR/USD,Provider1,1.1833,1.18355,1000000,1000000
2020-11-17,08:00:19.303,EUR/USD,Provider2,1.18325,1.18353,1000000,1000000
2020-11-17,08:00:19.321,EUR/USD,Provider1,1.18329,1.18352,1000000,1000000
2020-11-17,08:00:19.335,EUR/USD,Provider3,1.18327,1.18354,500000,500000
2020-11-17,08:00:19.336,EUR/USD,Provider4,1.1832,1.18353,1000000,1000000
2020-11-17,08:00:19.338,EUR/USD,Provider1,1.18329,1.18351,1000000,1000000
2020-11-17,08:00:19.342,EUR/USD,Provider1,1.18329,1.18352,1000000,1000000
2020-11-17,08:00:19.362,EUR/USD,Provider2,1.18324,1.18352,1000000,1000000
2020-11-17,08:00:19.373,EUR/USD,Provider1,1.18329,1.18351,1000000,1000000
2020-11-17,08:00:19.389,EUR/USD,Provider1,1.18329,1.18352,1000000,1000000
2020-11-17,08:00:19.394,EUR/USD,Provider1,1.1833,1.18352,1000000,1000000
2020-11-17,08:00:19.445,EUR/USD,Provider1,1.18329,1.18352,1000000,1000000
2020-11-17,08:00:19.482,EUR/USD,Provider1,1.1833,1.18352,1000000,1000000
2020-11-17,08:00:19.517,EUR/USD,Provider2,1.18324,1.18351,1000000,1000000
2020-11-17,08:00:19.561,EUR/USD,Provider1,1.18329,1.18352,1000000,1000000
2020-11-17,08:00:19.612,EUR/USD,Provider1,1.18328,1.18352,1000000,1000000
2020-11-17,08:00:19.767,EUR/USD,Provider1,1.18329,1.18352,1000000,1000000
2020-11-17,08:00:19.793,EUR/USD,Provider2,1.18323,1.18351,1000000,1000000
2020-11-17,08:00:19.824,EUR/USD,Provider4,1.18321,1.18352,1000000,1000000
2020-11-17,08:00:19.841,EUR/USD,Provider1,1.18328,1.18352,1000000,1000000
2020-11-17,08:00:19.846,EUR/USD,Provider3,1.18326,1.18354,500000,500000
2020-11-17,08:00:19.974,EUR/USD,Provider2,1.18324,1.18351,1000000,1000000
2020-11-17,08:00:20.035,EUR/USD,Provider1,1.18329,1.18353,1000000,1000000
2020-11-17,08:00:20.107,EUR/USD,Provider2,1.18325,1.18352,1000000,1000000
2020-11-17,08:00:20.108,EUR/USD,Provider1,1.1833,1.18354,1000000,1000000
2020-11-17,08:00:20.110,EUR/USD,Provider3,1.18327,1.18354,500000,500000
2020-11-17,08:00:20.122,EUR/USD,Provider1,1.1833,1.18353,1000000,1000000
2020-11-17,08:00:20.122,EUR/USD,Provider4,1.18323,1.18354,1000000,1000000
2020-11-17,08:00:20.123,EUR/USD,Provider1,1.1833,1.18354,1000000,1000000
2020-11-17,08:00:20.184,EUR/USD,Provider1,1.1833,1.18353,1000000,1000000
2020-11-17,08:00:20.186,EUR/USD,Provider1,1.18329,1.18352,1000000,1000000
2020-11-17,08:00:20.198,EUR/USD,Provider1,1.18328,1.18352,1000000,1000000
2020-11-17,08:00:20.200,EUR/USD,Provider3,1.18325,1.18354,500000,500000
2020-11-17,08:00:20.256,EUR/USD,Provider2,1.18323,1.18351,1000000,1000000
2020-11-17,08:00:20.277,EUR/USD,Provider1,1.18328,1.18351,1000000,1000000
2020-11-17,08:00:20.292,EUR/USD,Provider3,1.18326,1.18354,500000,500000
2020-11-17,08:00:20.304,EUR/USD,Provider1,1.18327,1.1835,1000000,1000000
2020-11-17,08:00:20.332,EUR/USD,Provider3,1.18325,1.18353,500000,500000
2020-11-17,08:00:20.379,EUR/USD,Provider1,1.18328,1.18351,1000000,1000000
2020-11-17,08:00:20.418,EUR/USD,Provider1,1.18327,1.1835,1000000,1000000
2020-11-17,08:00:20.439,EUR/USD,Provider4,1.18321,1.18352,1000000,1000000
2020-11-17,08:00:20.443,EUR/USD,Provider2,1.18322,1.1835,1000000,1000000
2020-11-17,08:00:20.451,EUR/USD,Provider3,1.18324,1.18353,500000,500000
2020-11-17,08:00:20.597,EUR/USD,Provider1,1.18328,1.18351,1000000,1000000
2020-11-17,08:00:20.613,EUR/USD,Provider1,1.18327,1.1835,1000000,1000000
2020-11-17,08:00:20.663,EUR/USD,Provider1,1.18326,1.1835,1000000,1000000
2020-11-17,08:00:20.674,EUR/USD,Provider3,1.18324,1.18352,500000,500000
2020-11-17,08:00:20.695,EUR/USD,Provider3,1.18324,1.18353,500000,500000
2020-11-17,08:00:20.698,EUR/USD,Provider1,1.18325,1.1835,1000000,1000000
2020-11-17,08:00:20.707,EUR/USD,Provider4,1.18319,1.1835,1000000,1000000
2020-11-17,08:00:20.708,EUR/USD,Provider1,1.18325,1.18349,1000000,1000000
2020-11-17,08:00:20.708,EUR/USD,Provider2,1.18322,1.18349,1000000,1000000
2020-11-17,08:00:20.714,EUR/USD,Provider1,1.18327,1.1835,1000000,1000000
2020-11-17,08:00:20.720,EUR/USD,Provider1,1.18328,1.18351,1000000,1000000
2020-11-17,08:00:20.731,EUR/USD,Provider3,1.18325,1.18353,500000,500000
2020-11-17,08:00:20.741,EUR/USD,Provider4,1.18321,1.18352,1000000,1000000
2020-11-17,08:00:20.746,EUR/USD,Provider1,1.18328,1.1835,1000000,1000000
2020-11-17,08:00:20.777,EUR/USD,Provider1,1.18328,1.18351,1000000,1000000
2020-11-17,08:00:20.778,EUR/USD,Provider1,1.18328,1.18352,1000000,1000000
2020-11-17,08:00:20.794,EUR/USD,Provider1,1.18328,1.18351,1000000,1000000
2020-11-17,08:00:20.825,EUR/USD,Provider1,1.18328,1.18352,1000000,1000000
2020-11-17,08:00:20.860,EUR/USD,Provider2,1.18322,1.1835,1000000,1000000
2020-11-17,08:00:21.041,EUR/USD,Provider2,1.18323,1.1835,1000000,1000000
2020-11-17,08:00:21.216,EUR/USD,Provider1,1.18327,1.18352,1000000,1000000
2020-11-17,08:00:21.224,EUR/USD,Provider2,1.18323,1.18351,1000000,1000000
2020-11-17,08:00:21.241,EUR/USD,Provider4,1.18322,1.18353,1000000,1000000
2020-11-17,08:00:21.390,EUR/USD,Provider1,1.18328,1.18352,1000000,1000000
2020-11-17,08:00:21.397,EUR/USD,Provider3,1.18326,1.18354,500000,500000
2020-11-17,08:00:21.454,EUR/USD,Provider2,1.18324,1.18351,1000000,1000000
2020-11-17,08:00:21.622,EUR/USD,Provider1,1.18327,1.18353,1000000,1000000
2020-11-17,08:00:21.741,EUR/USD,Provider4,1.18322,1.18353,1000000,1000000
2020-11-17,08:00:21.806,EUR/USD,Provider1,1.18328,1.18353,1000000,1000000
2020-11-17,08:00:22.021,EUR/USD,Provider1,1.18327,1.18353,1000000,1000000
2020-11-17,08:00:22.140,EUR/USD,Provider3,1.18325,1.18353,500000,500000
2020-11-17,08:00:22.170,EUR/USD,Provider1,1.18327,1.18352,1000000,1000000
2020-11-17,08:00:22.246,EUR/USD,Provider4,1.18322,1.18353,1000000,1000000
2020-11-17,08:00:22.743,EUR/USD,Provider4,1.18322,1.18353,1000000,1000000
2020-11-17,08:00:22.915,EUR/USD,Provider1,1.18326,1.18352,1000000,1000000
2020-11-17,08:00:22.918,EUR/USD,Provider1,1.18327,1.18352,1000000,1000000
2020-11-17,08:00:23.361,EUR/USD,Provider1,1.18326,1.18351,1000000,1000000
2020-11-17,08:00:23.410,EUR/USD,Provider4,1.18319,1.1835,1000000,1000000
2020-11-17,08:00:23.419,EUR/USD,Provider2,1.18323,1.1835,1000000,1000000
2020-11-17,08:00:23.431,EUR/USD,Provider1,1.18325,1.1835,1000000,1000000
2020-11-17,08:00:23.442,EUR/USD,Provider1,1.18323,1.18348,1000000,1000000
2020-11-17,08:00:23.451,EUR/USD,Provider1,1.18322,1.18348,1000000,1000000
2020-11-17,08:00:23.452,EUR/USD,Provider1,1.18323,1.18348,1000000,1000000
2020-11-17,08:00:23.454,EUR/USD,Provider1,1.18324,1.18349,1000000,1000000
2020-11-17,08:00:23.457,EUR/USD,Provider3,1.18324,1.18352,500000,500000
2020-11-17,08:00:23.459,EUR/USD,Provider4,1.18316,1.18347,1000000,1000000
2020-11-17,08:00:23.459,EUR/USD,Provider2,1.1832,1.18348,1000000,1000000
2020-11-17,08:00:23.459,EUR/USD,Provider3,1.18322,1.1835,500000,500000
2020-11-17,08:00:23.465,EUR/USD,Provider1,1.18325,1.18349,1000000,1000000
2020-11-17,08:00:23.469,EUR/USD,Provider4,1.18319,1.1835,1000000,1000000
2020-11-17,08:00:23.470,EUR/USD,Provider1,1.18325,1.1835,1000000,1000000
2020-11-17,08:00:23.476,EUR/USD,Provider3,1.18323,1.18351,500000,500000
2020-11-17,08:00:23.487,EUR/USD,Provider1,1.18326,1.1835,1000000,1000000
2020-11-17,08:00:23.490,EUR/USD,Provider1,1.18325,1.1835,1000000,1000000
2020-11-17,08:00:23.493,EUR/USD,Provider1,1.18325,1.18349,1000000,1000000
2020-11-17,08:00:23.558,EUR/USD,Provider1,1.18325,1.1835,1000000,1000000
2020-11-17,08:00:23.561,EUR/USD,Provider1,1.18325,1.18349,1000000,1000000
2020-11-17,08:00:23.837,EUR/USD,Provider4,1.18317,1.18348,1000000,1000000
2020-11-17,08:00:23.969,EUR/USD,Provider1,1.18325,1.18348,1000000,1000000
2020-11-17,08:00:23.981,EUR/USD,Provider1,1.18324,1.18348,1000000,1000000
2020-11-17,08:00:23.986,EUR/USD,Provider3,1.18322,1.1835,500000,500000
2020-11-17,08:00:24.005,EUR/USD,Provider2,1.1832,1.18347,1000000,1000000
2020-11-17,08:00:24.281,EUR/USD,Provider1,1.18323,1.18348,1000000,1000000
2020-11-17,08:00:24.295,EUR/USD,Provider1,1.18322,1.18348,1000000,1000000
2020-11-17,08:00:24.309,EUR/USD,Provider2,1.1832,1.18348,1000000,1000000
2020-11-17,08:00:24.317,EUR/USD,Provider4,1.18315,1.18347,1000000,1000000
2020-11-17,08:00:24.350,EUR/USD,Provider2,1.18319,1.18347,1000000,1000000
2020-11-17,08:00:24.392,EUR/USD,Provider3,1.18321,1.18349,500000,500000
2020-11-17,08:00:24.420,EUR/USD,Provider1,1.18323,1.18348,1000000,1000000
2020-11-17,08:00:24.498,EUR/USD,Provider1,1.18324,1.18348,1000000,1000000
2020-11-17,08:00:24.515,EUR/USD,Provider1,1.18325,1.18348,1000000,1000000
2020-11-17,08:00:24.518,EUR/USD,Provider4,1.18318,1.18349,1000000,1000000
2020-11-17,08:00:24.519,EUR/USD,Provider1,1.18325,1.18349,1000000,1000000
2020-11-17,08:00:24.519,EUR/USD,Provider1,1.18326,1.18349,1000000,1000000
2020-11-17,08:00:24.527,EUR/USD,Provider3,1.18322,1.1835,500000,500000
2020-11-17,08:00:24.531,EUR/USD,Provider2,1.1832,1.18348,1000000,1000000
2020-11-17,08:00:24.534,EUR/USD,Provider3,1.18323,1.18351,500000,500000
2020-11-17,08:00:24.541,EUR/USD,Provider1,1.18325,1.18349,1000000,1000000
2020-11-17,08:00:24.545,EUR/USD,Provider3,1.18322,1.1835,500000,500000
2020-11-17,08:00:24.550,EUR/USD,Provider1,1.18325,1.18348,1000000,1000000
2020-11-17,08:00:24.552,EUR/USD,Provider4,1.18315,1.18347,1000000,1000000
2020-11-17,08:00:24.560,EUR/USD,Provider1,1.18325,1.1835,1000000,1000000
2020-11-17,08:00:24.571,EUR/USD,Provider1,1.18326,1.1835,1000000,1000000
2020-11-17,08:00:24.586,EUR/USD,Provider1,1.18327,1.1835,1000000,1000000
2020-11-17,08:00:24.595,EUR/USD,Provider1,1.18327,1.18351,1000000,1000000
2020-11-17,08:00:24.604,EUR/USD,Provider1,1.18328,1.18352,1000000,1000000
2020-11-17,08:00:24.632,EUR/USD,Provider4,1.18319,1.1835,1000000,1000000
2020-11-17,08:00:24.635,EUR/USD,Provider2,1.18321,1.18349,1000000,1000000
2020-11-17,08:00:24.638,EUR/USD,Provider1,1.18329,1.18352,1000000,1000000
2020-11-17,08:00:24.642,EUR/USD,Provider3,1.18325,1.18352,500000,500000
2020-11-17,08:00:24.648,EUR/USD,Provider1,1.18329,1.18353,1000000,1000000
2020-11-17,08:00:24.660,EUR/USD,Provider2,1.18323,1.18351,1000000,1000000
2020-11-17,08:00:24.662,EUR/USD,Provider1,1.18328,1.18351,1000000,1000000
2020-11-17,08:00:24.663,EUR/USD,Provider3,1.18326,1.18353,500000,500000
2020-11-17,08:00:24.672,EUR/USD,Provider1,1.18327,1.18351,1000000,1000000
2020-11-17,08:00:24.680,EUR/USD,Provider1,1.18326,1.1835,1000000,1000000
2020-11-17,08:00:24.700,EUR/USD,Provider1,1.18327,1.1835,1000000,1000000
2020-11-17,08:00:24.701,EUR/USD,Provider3,1.18324,1.18351,500000,500000
2020-11-17,08:00:24.702,EUR/USD,Provider2,1.18322,1.1835,1000000,1000000
2020-11-17,08:00:24.702,EUR/USD,Provider1,1.18327,1.18351,1000000,1000000
2020-11-17,08:00:24.703,EUR/USD,Provider4,1.18321,1.18352,1000000,1000000
2020-11-17,08:00:24.706,EUR/USD,Provider1,1.18327,1.18352,1000000,1000000
2020-11-17,08:00:24.713,EUR/USD,Provider1,1.18327,1.18351,1000000,1000000
2020-11-17,08:00:24.722,EUR/USD,Provider1,1.18328,1.18351,1000000,1000000
2020-11-17,08:00:24.728,EUR/USD,Provider3,1.18325,1.18352,500000,500000
2020-11-17,08:00:24.729,EUR/USD,Provider2,1.18323,1.18351,1000000,1000000
2020-11-17,08:00:24.733,EUR/USD,Provider1,1.18328,1.18352,1000000,1000000
2020-11-17,08:00:24.742,EUR/USD,Provider1,1.18328,1.18351,1000000,1000000
2020-11-17,08:00:24.752,EUR/USD,Provider3,1.18326,1.18353,500000,500000
2020-11-17,08:00:24.756,EUR/USD,Provider1,1.18327,1.1835,1000000,1000000
2020-11-17,08:00:24.760,EUR/USD,Provider1,1.18328,1.18351,1000000,1000000
2020-11-17,08:00:24.761,EUR/USD,Provider2,1.18322,1.1835,1000000,1000000
2020-11-17,08:00:24.768,EUR/USD,Provider1,1.18327,1.1835,1000000,1000000
2020-11-17,08:00:24.770,EUR/USD,Provider1,1.18327,1.18351,1000000,1000000
2020-11-17,08:00:24.772,EUR/USD,Provider3,1.18325,1.18353,500000,500000
2020-11-17,08:00:24.772,EUR/USD,Provider1,1.18328,1.18351,1000000,1000000
2020-11-17,08:00:24.773,EUR/USD,Provider1,1.18328,1.18352,1000000,1000000
2020-11-17,08:00:24.778,EUR/USD,Provider1,1.18328,1.18351,1000000,1000000
2020-11-17,08:00:24.780,EUR/USD,Provider1,1.18327,1.18351,1000000,1000000
2020-11-17,08:00:24.782,EUR/USD,Provider1,1.18327,1.1835,1000000,1000000
2020-11-17,08:00:24.788,EUR/USD,Provider4,1.18319,1.1835,1000000,1000000
2020-11-17,08:00:24.790,EUR/USD,Provider1,1.18328,1.18351,1000000,1000000
2020-11-17,08:00:24.793,EUR/USD,Provider1,1.18328,1.18352,1000000,1000000
2020-11-17,08:00:24.795,EUR/USD,Provider4,1.18321,1.18352,1000000,1000000
2020-11-17,08:00:24.806,EUR/USD,Provider1,1.18328,1.18351,1000000,1000000
2020-11-17,08:00:24.816,EUR/USD,Provider1,1.18328,1.18352,1000000,1000000
2020-11-17,08:00:24.870,EUR/USD,Provider2,1.18323,1.1835,1000000,1000000
2020-11-17,08:00:24.883,EUR/USD,Provider1,1.18328,1.18351,1000000,1000000
2020-11-17,08:00:25.051,EUR/USD,Provider2,1.18322,1.1835,1000000,1000000
2020-11-17,08:00:25.281,EUR/USD,Provider4,1.18321,1.18352,1000000,1000000
2020-11-17,08:00:25.600,EUR/USD,Provider1,1.18327,1.1835,1000000,1000000
2020-11-17,08:00:25.603,EUR/USD,Provider2,1.18322,1.18349,1000000,1000000
2020-11-17,08:00:25.651,EUR/USD,Provider1,1.18326,1.1835,1000000,1000000
2020-11-17,08:00:25.668,EUR/USD,Provider3,1.18324,1.18352,500000,500000
2020-11-17,08:00:25.669,EUR/USD,Provider4,1.18319,1.1835,1000000,1000000
2020-11-17,08:00:25.725,EUR/USD,Provider1,1.18327,1.1835,1000000,1000000
2020-11-17,08:00:25.768,EUR/USD,Provider2,1.18321,1.18349,1000000,1000000
2020-11-17,08:00:25.902,EUR/USD,Provider1,1.18326,1.18349,1000000,1000000
2020-11-17,08:00:25.909,EUR/USD,Provider3,1.18323,1.18351,500000,500000
2020-11-17,08:00:25.910,EUR/USD,Provider2,1.1832,1.18348,1000000,1000000
2020-11-17,08:00:25.915,EUR/USD,Provider4,1.18318,1.18349,1000000,1000000
2020-11-17,08:00:25.971,EUR/USD,Provider1,1.18326,1.1835,1000000,1000000
2020-11-17,08:00:26.148,EUR/USD,Provider2,1.18321,1.18348,1000000,1000000
2020-11-17,08:00:26.416,EUR/USD,Provider4,1.18318,1.1835,1000000,1000000
2020-11-17,08:00:26.544,EUR/USD,Provider1,1.18325,1.1835,1000000,1000000
2020-11-17,08:00:26.547,EUR/USD,Provider2,1.1832,1.18347,1000000,1000000
2020-11-17,08:00:26.553,EUR/USD,Provider1,1.18324,1.1835,1000000,1000000
2020-11-17,08:00:26.566,EUR/USD,Provider2,1.18319,1.18346,1000000,1000000
2020-11-17,08:00:26.616,EUR/USD,Provider1,1.18324,1.18348,1000000,1000000
2020-11-17,08:00:26.620,EUR/USD,Provider3,1.18322,1.1835,500000,500000
2020-11-17,08:00:26.620,EUR/USD,Provider4,1.18317,1.18348,1000000,1000000
2020-11-17,08:00:26.747,EUR/USD,Provider2,1.18319,1.18347,1000000,1000000
2020-11-17,08:00:26.995,EUR/USD,Provider1,1.18323,1.18348,1000000,1000000
2020-11-17,08:00:27.002,EUR/USD,Provider1,1.18324,1.18348,1000000,1000000
2020-11-17,08:00:27.057,EUR/USD,Provider1,1.18323,1.18348,1000000,1000000
2020-11-17,08:00:27.102,EUR/USD,Provider4,1.18315,1.18347,1000000,1000000
2020-11-17,08:00:27.580,EUR/USD,Provider1,1.18324,1.18348,1000000,1000000
2020-11-17,08:00:27.602,EUR/USD,Provider4,1.18316,1.18347,1000000,1000000
2020-11-17,08:00:27.651,EUR/USD,Provider1,1.18325,1.18348,1000000,1000000
2020-11-17,08:00:28.113,EUR/USD,Provider4,1.18317,1.18348,1000000,1000000
2020-11-17,08:00:28.295,EUR/USD,Provider2,1.1832,1.18347,1000000,1000000
2020-11-17,08:00:28.541,EUR/USD,Provider1,1.18324,1.18348,1000000,1000000
2020-11-17,08:00:28.557,EUR/USD,Provider2,1.18319,1.18347,1000000,1000000
2020-11-17,08:00:28.560,EUR/USD,Provider3,1.18321,1.18349,500000,500000
2020-11-17,08:00:28.561,EUR/USD,Provider4,1.18314,1.18347,1000000,1000000
2020-11-17,08:00:28.616,EUR/USD,Provider1,1.18323,1.18348,1000000,1000000
2020-11-17,08:00:28.664,EUR/USD,Provider1,1.18324,1.18348,1000000,1000000
2020-11-17,08:00:28.691,EUR/USD,Provider2,1.18318,1.18346,1000000,1000000
2020-11-17,08:00:28.698,EUR/USD,Provider3,1.1832,1.18349,500000,500000
2020-11-17,08:00:28.709,EUR/USD,Provider1,1.18323,1.18348,1000000,1000000
2020-11-17,08:00:28.737,EUR/USD,Provider1,1.18324,1.18348,1000000,1000000
2020-11-17,08:00:28.791,EUR/USD,Provider3,1.18321,1.18349,500000,500000
2020-11-17,08:00:28.798,EUR/USD,Provider4,1.18317,1.18348,1000000,1000000
2020-11-17,08:00:28.805,EUR/USD,Provider2,1.18319,1.18347,1000000,1000000
2020-11-17,08:00:28.900,EUR/USD,Provider1,1.18325,1.18348,1000000,1000000
2020-11-17,08:00:28.902,EUR/USD,Provider1,1.18324,1.18348,1000000,1000000
2020-11-17,08:00:28.909,EUR/USD,Provider3,1.18323,1.1835,500000,500000
2020-11-17,08:00:29.624,EUR/USD,Provider1,1.18325,1.18348,1000000,1000000
2020-11-17,08:00:29.667,EUR/USD,Provider1,1.18324,1.18348,1000000,1000000
2020-11-17,08:00:30.415,EUR/USD,Provider1,1.18325,1.18348,1000000,1000000
2020-11-17,08:00:30.632,EUR/USD,Provider1,1.18325,1.18349,1000000,1000000
2020-11-17,08:00:30.636,EUR/USD,Provider1,1.18326,1.1835,1000000,1000000
2020-11-17,08:00:30.642,EUR/USD,Provider1,1.18327,1.1835,1000000,1000000
2020-11-17,08:00:30.644,EUR/USD,Provider1,1.18327,1.18351,1000000,1000000
2020-11-17,08:00:30.649,EUR/USD,Provider1,1.18327,1.1835,1000000,1000000
2020-11-17,08:00:30.651,EUR/USD,Provider1,1.18327,1.18351,1000000,1000000
2020-11-17,08:00:30.653,EUR/USD,Provider2,1.1832,1.18347,1000000,1000000
2020-11-17,08:00:30.657,EUR/USD,Provider1,1.18326,1.1835,1000000,1000000
2020-11-17,08:00:30.658,EUR/USD,Provider4,1.18319,1.1835,1000000,1000000
2020-11-17,08:00:30.661,EUR/USD,Provider3,1.18324,1.18351,500000,500000
2020-11-17,08:00:30.667,EUR/USD,Provider1,1.18327,1.1835,1000000,1000000
2020-11-17,08:00:30.671,EUR/USD,Provider3,1.18325,1.18352,500000,500000
2020-11-17,08:00:30.675,EUR/USD,Provider1,1.18326,1.1835,1000000,1000000
2020-11-17,08:00:30.684,EUR/USD,Provider1,1.18327,1.18351,1000000,1000000
2020-11-17,08:00:30.688,EUR/USD,Provider1,1.18327,1.1835,1000000,1000000
2020-11-17,08:00:30.694,EUR/USD,Provider1,1.18326,1.1835,1000000,1000000
2020-11-17,08:00:30.699,EUR/USD,Provider2,1.18321,1.18348,1000000,900000
2020-11-17,08:00:30.720,EUR/USD,Provider2,1.18322,1.18349,1000000,900000
2020-11-17,08:00:30.741,EUR/USD,Provider1,1.18326,1.18349,1000000,1000000
2020-11-17,08:00:30.765,EUR/USD,Provider2,1.18321,1.18349,1000000,1000000
2020-11-17,08:00:30.825,EUR/USD,Provider3,1.18323,1.18351,500000,500000
2020-11-17,08:00:30.845,EUR/USD,Provider3,1.18324,1.18351,500000,500000
2020-11-17,08:00:30.865,EUR/USD,Provider3,1.18323,1.18351,500000,500000
2020-11-17,08:00:30.954,EUR/USD,Provider3,1.18324,1.18351,500000,500000
2020-11-17,08:00:31.136,EUR/USD,Provider4,1.18319,1.1835,1000000,1000000
2020-11-17,08:00:31.179,EUR/USD,Provider3,1.18323,1.18351,500000,500000
2020-11-17,08:00:31.271,EUR/USD,Provider2,1.1832,1.18348,1000000,1000000
2020-11-17,08:00:31.278,EUR/USD,Provider3,1.18323,1.1835,500000,500000
2020-11-17,08:00:31.315,EUR/USD,Provider2,1.18321,1.18349,1000000,1000000
2020-11-17,08:00:31.325,EUR/USD,Provider3,1.18324,1.18351,500000,500000
2020-11-17,08:00:31.329,EUR/USD,Provider3,1.18325,1.18351,500000,500000
2020-11-17,08:00:31.338,EUR/USD,Provider2,1.18321,1.18349,1000000,900000
2020-11-17,08:00:31.374,EUR/USD,Provider2,1.18322,1.18349,1000000,1000000
2020-11-17,08:00:31.399,EUR/USD,Provider4,1.1832,1.18351,1000000,1000000
2020-11-17,08:00:31.672,EUR/USD,Provider4,1.18319,1.1835,1000000,1000000
2020-11-17,08:00:31.712,EUR/USD,Provider1,1.18327,1.1835,1000000,1000000
2020-11-17,08:00:32.095,EUR/USD,Provider1,1.18327,1.18351,1000000,1000000
2020-11-17,08:00:32.098,EUR/USD,Provider1,1.18327,1.1835,1000000,1000000
2020-11-17,08:00:32.156,EUR/USD,Provider4,1.18319,1.1835,1000000,1000000
2020-11-17,08:00:32.377,EUR/USD,Provider1,1.18326,1.1835,1000000,1000000
2020-11-17,08:00:32.443,EUR/USD,Provider1,1.18327,1.1835,1000000,1000000
2020-11-17,08:00:32.572,EUR/USD,Provider4,1.1832,1.18351,1000000,1000000
2020-11-17,08:00:32.788,EUR/USD,Provider1,1.18326,1.1835,1000000,1000000
2020-11-17,08:00:33.452,EUR/USD,Provider1,1.18327,1.1835,1000000,1000000
2020-11-17,08:00:33.464,EUR/USD,Provider1,1.18328,1.18351,1000000,1000000
2020-11-17,08:00:33.472,EUR/USD,Provider2,1.18322,1.1835,1000000,1000000
2020-11-17,08:00:33.490,EUR/USD,Provider1,1.18328,1.18352,1000000,1000000
2020-11-17,08:00:33.499,EUR/USD,Provider1,1.18329,1.18352,1000000,1000000
2020-11-17,08:00:33.500,EUR/USD,Provider3,1.18326,1.18352,500000,500000
2020-11-17,08:00:33.501,EUR/USD,Provider4,1.18321,1.18352,1000000,1000000
2020-11-17,08:00:33.503,EUR/USD,Provider1,1.1833,1.18353,1000000,1000000
2020-11-17,08:00:33.534,EUR/USD,Provider1,1.1833,1.18354,1000000,1000000
2020-11-17,08:00:33.536,EUR/USD,Provider1,1.18331,1.18354,1000000,1000000
2020-11-17,08:00:33.566,EUR/USD,Provider1,1.1833,1.18353,1000000,1000000
2020-11-17,08:00:33.580,EUR/USD,Provider2,1.18325,1.18352,1000000,1000000
2020-11-17,08:00:33.608,EUR/USD,Provider3,1.18328,1.18353,500000,500000
2020-11-17,08:00:33.611,EUR/USD,Provider3,1.18329,1.18355,500000,500000
2020-11-17,08:00:33.643,EUR/USD,Provider3,1.18329,1.18355,500000,500000
2020-11-17,08:00:33.645,EUR/USD,Provider1,1.18329,1.18353,1000000,1000000
2020-11-17,08:00:33.663,EUR/USD,Provider1,1.18329,1.18352,1000000,1000000
2020-11-17,08:00:33.675,EUR/USD,Provider3,1.18328,1.18353,500000,500000
2020-11-17,08:00:33.682,EUR/USD,Provider1,1.1833,1.18353,1000000,1000000
2020-11-17,08:00:33.687,EUR/USD,Provider1,1.18329,1.18353,1000000,1000000
2020-11-17,08:00:33.711,EUR/USD,Provider1,1.1833,1.18355,1000000,1000000
2020-11-17,08:00:33.721,EUR/USD,Provider4,1.18323,1.18354,1000000,1000000
2020-11-17,08:00:33.725,EUR/USD,Provider3,1.18329,1.18354,500000,500000
2020-11-17,08:00:33.730,EUR/USD,Provider1,1.18329,1.18355,1000000,1000000
2020-11-17,08:00:33.737,EUR/USD,Provider1,1.18329,1.18353,1000000,1000000
2020-11-17,08:00:33.742,EUR/USD,Provider3,1.18328,1.18354,500000,500000
2020-11-17,08:00:33.753,EUR/USD,Provider1,1.1833,1.18353,1000000,1000000
2020-11-17,08:00:33.760,EUR/USD,Provider3,1.18327,1.18355,500000,500000
2020-11-17,08:00:33.765,EUR/USD,Provider2,1.18324,1.18352,1000000,1000000
2020-11-17,08:00:33.765,EUR/USD,Provider3,1.18329,1.18354,500000,500000
2020-11-17,08:00:33.793,EUR/USD,Provider3,1.18328,1.18354,500000,500000
2020-11-17,08:00:33.800,EUR/USD,Provider1,1.18329,1.18353,1000000,1000000
2020-11-17,08:00:33.821,EUR/USD,Provider1,1.1833,1.18353,1000000,1000000
2020-11-17,08:00:33.854,EUR/USD,Provider2,1.18325,1.18352,1000000,1000000
2020-11-17,08:00:33.900,EUR/USD,Provider1,1.18329,1.18353,1000000,1000000
2020-11-17,08:00:33.901,EUR/USD,Provider1,1.1833,1.18353,1000000,1000000
2020-11-17,08:00:34.011,EUR/USD,Provider1,1.18329,1.18353,1000000,1000000
2020-11-17,08:00:34.031,EUR/USD,Provider4,1.18322,1.18353,1000000,1000000
2020-11-17,08:00:34.034,EUR/USD,Provider2,1.18324,1.18352,1000000,1000000
2020-11-17,08:00:34.479,EUR/USD,Provider2,1.18324,1.18351,1000000,1000000
2020-11-17,08:00:34.531,EUR/USD,Provider4,1.18321,1.18352,1000000,1000000
2020-11-17,08:00:34.870,EUR/USD,Provider3,1.18326,1.18354,500000,500000
2020-11-17,08:00:34.977,EUR/USD,Provider2,1.18324,1.18352,1000000,1000000
2020-11-17,08:00:35.026,EUR/USD,Provider3,1.18328,1.18354,500000,500000
2020-11-17,08:00:35.032,EUR/USD,Provider4,1.18321,1.18353,1000000,1000000
2020-11-17,08:00:35.272,EUR/USD,Provider3,1.18326,1.18354,500000,500000
2020-11-17,08:00:35.277,EUR/USD,Provider1,1.18328,1.18351,1000000,1000000
2020-11-17,08:00:35.290,EUR/USD,Provider2,1.18323,1.18351,1000000,1000000
2020-11-17,08:00:35.307,EUR/USD,Provider3,1.18327,1.18353,500000,500000
2020-11-17,08:00:35.316,EUR/USD,Provider4,1.1832,1.18351,1000000,1000000
2020-11-17,08:00:35.316,EUR/USD,Provider1,1.18327,1.1835,1000000,1000000
2020-11-17,08:00:35.344,EUR/USD,Provider1,1.18326,1.1835,1000000,1000000
2020-11-17,08:00:35.352,EUR/USD,Provider1,1.18325,1.1835,1000000,1000000
2020-11-17,08:00:35.355,EUR/USD,Provider1,1.18324,1.1835,1000000,1000000
2020-11-17,08:00:35.356,EUR/USD,Provider1,1.18323,1.1835,1000000,1000000
2020-11-17,08:00:35.356,EUR/USD,Provider4,1.18316,1.18349,1000000,1000000
2020-11-17,08:00:35.371,EUR/USD,Provider1,1.18324,1.1835,1000000,1000000
2020-11-17,08:00:35.377,EUR/USD,Provider1,1.18323,1.1835,1000000,1000000
2020-11-17,08:00:35.387,EUR/USD,Provider2,1.18322,1.1835,1000000,1000000
2020-11-17,08:00:35.390,EUR/USD,Provider2,1.18321,1.18349,1000000,1000000
2020-11-17,08:00:35.407,EUR/USD,Provider3,1.18325,1.18351,500000,500000
2020-11-17,08:00:35.410,EUR/USD,Provider3,1.18324,1.1835,500000,500000
2020-11-17,08:00:35.440,EUR/USD,Provider1,1.18324,1.1835,1000000,1000000
2020-11-17,08:00:35.471,EUR/USD,Provider1,1.18325,1.1835,1000000,1000000
2020-11-17,08:00:35.510,EUR/USD,Provider2,1.18319,1.18347,1000000,1000000
2020-11-17,08:00:35.530,EUR/USD,Provider1,1.18325,1.18348,1000000,1000000
2020-11-17,08:00:35.539,EUR/USD,Provider3,1.18323,1.18349,500000,500000
2020-11-17,08:00:35.556,EUR/USD,Provider1,1.18324,1.18348,1000000,1000000
2020-11-17,08:00:35.563,EUR/USD,Provider1,1.18325,1.18348,1000000,1000000
2020-11-17,08:00:35.621,EUR/USD,Provider1,1.18325,1.1835,1000000,1000000
2020-11-17,08:00:35.631,EUR/USD,Provider3,1.18324,1.1835,500000,500000
2020-11-17,08:00:35.640,EUR/USD,Provider1,1.18326,1.1835,1000000,1000000
2020-11-17,08:00:35.648,EUR/USD,Provider4,1.18318,1.18349,1000000,1000000
2020-11-17,08:00:35.692,EUR/USD,Provider2,1.1832,1.18347,1000000,1000000
2020-11-17,08:00:35.866,EUR/USD,Provider3,1.18323,1.1835,500000,500000
2020-11-17,08:00:36.027,EUR/USD,Provider4,1.18317,1.18348,1000000,1000000
2020-11-17,08:00:36.088,EUR/USD,Provider1,1.18325,1.1835,1000000,1000000
2020-11-17,08:00:36.114,EUR/USD,Provider3,1.18324,1.1835,500000,500000
2020-11-17,08:00:36.131,EUR/USD,Provider2,1.18319,1.18347,1000000,1000000
2020-11-17,08:00:36.170,EUR/USD,Provider3,1.18323,1.1835,500000,500000
2020-11-17,08:00:36.184,EUR/USD,Provider3,1.18324,1.1835,500000,500000
2020-11-17,08:00:36.288,EUR/USD,Provider1,1.18325,1.18348,1000000,1000000
2020-11-17,08:00:36.290,EUR/USD,Provider3,1.18323,1.18349,500000,500000
2020-11-17,08:00:36.312,EUR/USD,Provider3,1.18321,1.18349,500000,500000
2020-11-17,08:00:36.334,EUR/USD,Provider4,1.18315,1.18347,1000000,1000000
2020-11-17,08:00:36.389,EUR/USD,Provider4,1.18318,1.18349,1000000,1000000
2020-11-17,08:00:36.408,EUR/USD,Provider3,1.18323,1.18349,500000,500000
2020-11-17,08:00:36.526,EUR/USD,Provider4,1.18315,1.18347,1000000,1000000
2020-11-17,08:00:36.551,EUR/USD,Provider3,1.18322,1.18348,500000,500000
2020-11-17,08:00:36.619,EUR/USD,Provider4,1.18318,1.18349,1000000,1000000
2020-11-17,08:00:36.676,EUR/USD,Provider3,1.18321,1.18349,500000,500000
2020-11-17,08:00:37.017,EUR/USD,Provider1,1.18325,1.18348,1000000,1000000
2020-11-17,08:00:37.027,EUR/USD,Provider3,1.18323,1.18349,500000,500000
2020-11-17,08:00:37.120,EUR/USD,Provider4,1.18317,1.18348,1000000,1000000
2020-11-17,08:00:37.514,EUR/USD,Provider2,1.18319,1.18346,1000000,1000000
2020-11-17,08:00:37.522,EUR/USD,Provider4,1.18315,1.18347,1000000,1000000
2020-11-17,08:00:37.556,EUR/USD,Provider1,1.18324,1.18348,1000000,1000000
2020-11-17,08:00:37.567,EUR/USD,Provider3,1.18322,1.18348,500000,500000
2020-11-17,08:00:37.582,EUR/USD,Provider1,1.18323,1.18348,1000000,1000000
2020-11-17,08:00:37.692,EUR/USD,Provider1,1.18322,1.18348,1000000,1000000
2020-11-17,08:00:37.844,EUR/USD,Provider2,1.18318,1.18346,1000000,1000000
2020-11-17,08:00:37.867,EUR/USD,Provider3,1.1832,1.18348,500000,500000
2020-11-17,08:00:37.877,EUR/USD,Provider1,1.18323,1.18348,1000000,1000000
2020-11-17,08:00:37.878,EUR/USD,Provider3,1.18322,1.18348,500000,500000
2020-11-17,08:00:37.892,EUR/USD,Provider2,1.18319,1.18346,1000000,1000000
2020-11-17,08:00:38.022,EUR/USD,Provider4,1.18314,1.18347,1000000,1000000
2020-11-17,08:00:38.361,EUR/USD,Provider1,1.18322,1.18348,1000000,1000000
2020-11-17,08:00:38.388,EUR/USD,Provider1,1.18321,1.18348,1000000,1000000
2020-11-17,08:00:38.392,EUR/USD,Provider1,1.1832,1.18348,1000000,1000000
2020-11-17,08:00:38.405,EUR/USD,Provider1,1.1832,1.18345,1000000,1000000
2020-11-17,08:00:38.410,EUR/USD,Provider1,1.18319,1.18345,1000000,1000000
2020-11-17,08:00:38.423,EUR/USD,Provider1,1.1832,1.18345,1000000,1000000
2020-11-17,08:00:38.451,EUR/USD,Provider2,1.18318,1.18346,1000000,1000000
2020-11-17,08:00:38.452,EUR/USD,Provider1,1.18321,1.18345,1000000,1000000
2020-11-17,08:00:38.465,EUR/USD,Provider2,1.18317,1.18344,1000000,1000000
2020-11-17,08:00:38.469,EUR/USD,Provider4,1.18312,1.18345,1000000,1000000
2020-11-17,08:00:38.486,EUR/USD,Provider3,1.1832,1.18348,500000,500000
2020-11-17,08:00:38.495,EUR/USD,Provider3,1.18318,1.18345,500000,500000
2020-11-17,08:00:38.527,EUR/USD,Provider1,1.1832,1.18343,1000000,1000000
2020-11-17,08:00:38.551,EUR/USD,Provider1,1.1832,1.18344,1000000,1000000
2020-11-17,08:00:38.552,EUR/USD,Provider1,1.18319,1.18343,1000000,1000000
2020-11-17,08:00:38.559,EUR/USD,Provider1,1.18319,1.18342,1000000,1000000
2020-11-17,08:00:38.647,EUR/USD,Provider2,1.18316,1.18343,1000000,1000000
2020-11-17,08:00:38.651,EUR/USD,Provider2,1.18314,1.18342,1000000,1000000
2020-11-17,08:00:38.658,EUR/USD,Provider1,1.1832,1.18345,1000000,1000000
2020-11-17,08:00:38.665,EUR/USD,Provider3,1.18319,1.18346,500000,500000
2020-11-17,08:00:38.667,EUR/USD,Provider3,1.18317,1.18344,500000,500000
2020-11-17,08:00:38.668,EUR/USD,Provider3,1.18318,1.18345,500000,500000
2020-11-17,08:00:38.674,EUR/USD,Provider1,1.1832,1.18343,1000000,1000000
2020-11-17,08:00:38.690,EUR/USD,Provider1,1.18319,1.18343,1000000,1000000
2020-11-17,08:00:38.694,EUR/USD,Provider2,1.18315,1.18343,1000000,1000000
2020-11-17,08:00:38.700,EUR/USD,Provider3,1.18317,1.18344,500000,500000
2020-11-17,08:00:38.702,EUR/USD,Provider4,1.18311,1.18342,1000000,1000000
2020-11-17,08:00:38.733,EUR/USD,Provider2,1.18314,1.18342,1000000,1000000
2020-11-17,08:00:38.908,EUR/USD,Provider3,1.18316,1.18344,500000,500000
2020-11-17,08:00:38.998,EUR/USD,Provider4,1.18311,1.18342,1000000,1000000
2020-11-17,08:00:39.062,EUR/USD,Provider1,1.1832,1.18343,1000000,1000000
2020-11-17,08:00:39.068,EUR/USD,Provider3,1.18318,1.18345,500000,500000
2020-11-17,08:00:39.069,EUR/USD,Provider2,1.18315,1.18342,1000000,1000000
2020-11-17,08:00:39.084,EUR/USD,Provider1,1.18321,1.18344,1000000,1000000
2020-11-17,08:00:39.094,EUR/USD,Provider1,1.18322,1.18345,1000000,1000000
2020-11-17,08:00:39.144,EUR/USD,Provider3,1.18319,1.18346,500000,500000
2020-11-17,08:00:39.154,EUR/USD,Provider1,1.18321,1.18344,1000000,1000000
2020-11-17,08:00:39.158,EUR/USD,Provider4,1.18313,1.18345,1000000,1000000
2020-11-17,08:00:39.175,EUR/USD,Provider1,1.18322,1.18345,1000000,1000000
2020-11-17,08:00:39.178,EUR/USD,Provider3,1.1832,1.18347,500000,500000
2020-11-17,08:00:39.187,EUR/USD,Provider2,1.18316,1.18343,1000000,1000000
2020-11-17,08:00:39.199,EUR/USD,Provider2,1.18317,1.18344,1000000,1000000
2020-11-17,08:00:39.203,EUR/USD,Provider1,1.18321,1.18345,1000000,1000000
2020-11-17,08:00:39.320,EUR/USD,Provider3,1.1832,1.18346,500000,500000
2020-11-17,08:00:39.345,EUR/USD,Provider2,1.18316,1.18344,1000000,1000000
2020-11-17,08:00:39.381,EUR/USD,Provider3,1.18318,1.18346,500000,500000
2020-11-17,08:00:39.609,EUR/USD,Provider4,1.18313,1.18344,1000000,1000000
2020-11-17,08:00:40.043,EUR/USD,Provider2,1.18316,1.18343,1000000,1000000
2020-11-17,08:00:40.044,EUR/USD,Provider3,1.18319,1.18346,500000,500000
2020-11-17,08:00:40.139,EUR/USD,Provider1,1.1832,1.18345,1000000,1000000
2020-11-17,08:00:40.147,EUR/USD,Provider1,1.18319,1.18345,1000000,1000000
2020-11-17,08:00:40.171,EUR/USD,Provider3,1.18319,1.18345,500000,500000
2020-11-17,08:00:40.197,EUR/USD,Provider1,1.1832,1.18345,1000000,1000000
2020-11-17,08:00:40.241,EUR/USD,Provider1,1.1832,1.18343,1000000,1000000
2020-11-17,08:00:40.245,EUR/USD,Provider2,1.18315,1.18342,1000000,1000000
2020-11-17,08:00:40.245,EUR/USD,Provider3,1.18318,1.18345,500000,500000
2020-11-17,08:00:40.247,EUR/USD,Provider1,1.18319,1.18342,1000000,1000000
2020-11-17,08:00:40.272,EUR/USD,Provider4,1.18311,1.18342,1000000,1000000
2020-11-17,08:00:40.284,EUR/USD,Provider2,1.18314,1.18341,1000000,1000000
2020-11-17,08:00:40.310,EUR/USD,Provider3,1.18317,1.18344,500000,500000
2020-11-17,08:00:40.593,EUR/USD,Provider2,1.18314,1.18342,1000000,1000000
2020-11-17,08:00:40.717,EUR/USD,Provider4,1.18311,1.18342,1000000,1000000
2020-11-17,08:00:40.999,EUR/USD,Provider1,1.18319,1.18343,1000000,1000000
2020-11-17,08:00:41.233,EUR/USD,Provider4,1.1831,1.18342,1000000,1000000
2020-11-17,08:00:42.756,EUR/USD,Provider1,1.1832,1.18343,1000000,1000000
2020-11-17,08:00:42.790,EUR/USD,Provider1,1.18321,1.18345,1000000,1000000
2020-11-17,08:00:42.803,EUR/USD,Provider4,1.18312,1.18344,1000000,1000000
2020-11-17,08:00:42.803,EUR/USD,Provider2,1.18315,1.18343,1000000,1000000
2020-11-17,08:00:42.804,EUR/USD,Provider1,1.18321,1.18346,1000000,1000000
2020-11-17,08:00:42.812,EUR/USD,Provider3,1.18318,1.18345,500000,500000
2020-11-17,08:00:42.814,EUR/USD,Provider1,1.18322,1.18346,1000000,1000000
2020-11-17,08:00:42.815,EUR/USD,Provider1,1.18321,1.18345,1000000,1000000
2020-11-17,08:00:42.815,EUR/USD,Provider3,1.1832,1.18346,500000,500000
2020-11-17,08:00:42.825,EUR/USD,Provider2,1.18316,1.18344,1000000,1000000
2020-11-17,08:00:42.826,EUR/USD,Provider1,1.18322,1.18346,1000000,1000000
2020-11-17,08:00:42.844,EUR/USD,Provider4,1.18315,1.18346,1000000,1000000
2020-11-17,08:00:42.905,EUR/USD,Provider1,1.18323,1.18346,1000000,1000000
2020-11-17,08:00:42.923,EUR/USD,Provider2,1.18317,1.18345,1000000,1000000
2020-11-17,08:00:42.923,EUR/USD,Provider1,1.18323,1.18347,1000000,1000000
2020-11-17,08:00:43.073,EUR/USD,Provider1,1.18323,1.18346,1000000,1000000
2020-11-17,08:00:43.135,EUR/USD,Provider1,1.18323,1.18347,1000000,1000000
2020-11-17,08:00:43.211,EUR/USD,Provider1,1.18324,1.18347,1000000,1000000
2020-11-17,08:00:43.225,EUR/USD,Provider1,1.18324,1.18348,1000000,1000000
2020-11-17,08:00:43.226,EUR/USD,Provider2,1.18318,1.18346,1000000,1000000
2020-11-17,08:00:43.234,EUR/USD,Provider3,1.18322,1.18348,500000,500000
2020-11-17,08:00:43.235,EUR/USD,Provider4,1.18316,1.18347,1000000,1000000
2020-11-17,08:00:43.256,EUR/USD,Provider1,1.18324,1.18347,1000000,1000000
2020-11-17,08:00:43.282,EUR/USD,Provider1,1.18323,1.18347,1000000,1000000
2020-11-17,08:00:43.304,EUR/USD,Provider1,1.18324,1.18347,1000000,1000000
2020-11-17,08:00:43.328,EUR/USD,Provider1,1.18324,1.18348,1000000,1000000
2020-11-17,08:00:43.359,EUR/USD,Provider1,1.18325,1.18348,1000000,1000000
2020-11-17,08:00:43.373,EUR/USD,Provider1,1.18325,1.18349,1000000,1000000
2020-11-17,08:00:43.457,EUR/USD,Provider1,1.18325,1.18351,1000000,1000000
2020-11-17,08:00:43.461,EUR/USD,Provider1,1.18325,1.18352,1000000,1000000
2020-11-17,08:00:43.523,EUR/USD,Provider1,1.18325,1.18351,1000000,1000000
2020-11-17,08:00:43.524,EUR/USD,Provider1,1.18325,1.18352,1000000,1000000
2020-11-17,08:00:43.524,EUR/USD,Provider1,1.18325,1.18351,1000000,1000000
2020-11-17,08:00:43.525,EUR/USD,Provider1,1.18325,1.18352,1000000,1000000
2020-11-17,08:00:43.526,EUR/USD,Provider1,1.18325,1.1835,1000000,1000000
2020-11-17,08:00:43.530,EUR/USD,Provider4,1.18319,1.1835,1000000,1000000
2020-11-17,08:00:43.531,EUR/USD,Provider1,1.18325,1.18349,1000000,1000000
2020-11-17,08:00:43.562,EUR/USD,Provider2,1.18319,1.18347,1000000,1000000
2020-11-17,08:00:43.574,EUR/USD,Provider2,1.1832,1.18348,1000000,1000000
2020-11-17,08:00:43.575,EUR/USD,Provider1,1.18326,1.18349,1000000,1000000
2020-11-17,08:00:43.580,EUR/USD,Provider1,1.18325,1.18348,1000000,1000000
2020-11-17,08:00:43.582,EUR/USD,Provider1,1.18324,1.18348,1000000,1000000
2020-11-17,08:00:43.583,EUR/USD,Provider3,1.18323,1.18349,500000,500000
2020-11-17,08:00:43.584,EUR/USD,Provider3,1.18323,1.18351,500000,500000
2020-11-17,08:00:43.591,EUR/USD,Provider1,1.18325,1.18348,1000000,1000000
2020-11-17,08:00:43.596,EUR/USD,Provider1,1.18326,1.1835,1000000,1000000
2020-11-17,08:00:43.597,EUR/USD,Provider1,1.18325,1.1835,1000000,1000000
2020-11-17,08:00:43.598,EUR/USD,Provider1,1.18324,1.18347,1000000,1000000
2020-11-17,08:00:43.601,EUR/USD,Provider1,1.18323,1.18347,1000000,1000000
2020-11-17,08:00:43.609,EUR/USD,Provider1,1.18324,1.18347,1000000,1000000
2020-11-17,08:00:43.626,EUR/USD,Provider2,1.18319,1.18347,1000000,1000000
2020-11-17,08:00:43.630,EUR/USD,Provider2,1.18318,1.18346,1000000,1000000
2020-11-17,08:00:43.632,EUR/USD,Provider3,1.18324,1.18349,500000,500000
2020-11-17,08:00:43.635,EUR/USD,Provider1,1.18323,1.18346,1000000,1000000
2020-11-17,08:00:43.635,EUR/USD,Provider3,1.18323,1.18349,500000,500000
2020-11-17,08:00:43.636,EUR/USD,Provider3,1.18324,1.1835,500000,500000
2020-11-17,08:00:43.637,EUR/USD,Provider3,1.18323,1.18349,500000,500000
2020-11-17,08:00:43.639,EUR/USD,Provider3,1.18322,1.18348,500000,500000
2020-11-17,08:00:43.664,EUR/USD,Provider4,1.18316,1.18348,1000000,1000000
2020-11-17,08:00:43.702,EUR/USD,Provider3,1.18321,1.18347,500000,500000
2020-11-17,08:00:43.704,EUR/USD,Provider4,1.18315,1.18346,1000000,1000000
2020-11-17,08:00:43.714,EUR/USD,Provider3,1.18322,1.18348,500000,500000
2020-11-17,08:00:43.718,EUR/USD,Provider3,1.18321,1.18347,500000,500000
2020-11-17,08:00:43.719,EUR/USD,Provider1,1.18322,1.18345,1000000,1000000
2020-11-17,08:00:43.724,EUR/USD,Provider1,1.18323,1.18346,1000000,1000000
2020-11-17,08:00:43.725,EUR/USD,Provider4,1.18311,1.18346,1000000,1000000
2020-11-17,08:00:43.733,EUR/USD,Provider3,1.1832,1.18348,500000,500000
2020-11-17,08:00:43.737,EUR/USD,Provider3,1.18321,1.18347,500000,500000
2020-11-17,08:00:43.786,EUR/USD,Provider2,1.18318,1.18345,1000000,1000000
2020-11-17,08:00:43.789,EUR/USD,Provider3,1.18322,1.18347,500000,500000
2020-11-17,08:00:43.865,EUR/USD,Provider3,1.18322,1.18348,500000,500000
2020-11-17,08:00:43.875,EUR/USD,Provider4,1.18312,1.18346,1000000,1000000
2020-11-17,08:00:43.889,EUR/USD,Provider1,1.18324,1.18347,1000000,1000000
2020-11-17,08:00:43.957,EUR/USD,Provider2,1.18319,1.18346,1000000,1000000
2020-11-17,08:00:44.061,EUR/USD,Provider3,1.18323,1.18348,500000,500000
2020-11-17,08:00:44.115,EUR/USD,Provider3,1.18322,1.18347,500000,500000
2020-11-17,08:00:44.138,EUR/USD,Provider2,1.18318,1.18346,1000000,1000000
2020-11-17,08:00:44.376,EUR/USD,Provider4,1.18312,1.18346,1000000,1000000
2020-11-17,08:00:44.483,EUR/USD,Provider3,1.18322,1.18348,500000,500000
2020-11-17,08:00:44.962,EUR/USD,Provider2,1.18319,1.18346,1000000,1000000
2020-11-17,08:00:44.975,EUR/USD,Provider1,1.18324,1.18348,1000000,1000000
2020-11-17,08:00:44.980,EUR/USD,Provider1,1.18325,1.18348,1000000,1000000
2020-11-17,08:00:45.009,EUR/USD,Provider1,1.18325,1.18349,1000000,1000000
2020-11-17,08:00:45.019,EUR/USD,Provider3,1.18323,1.18349,500000,500000
2020-11-17,08:00:45.032,EUR/USD,Provider1,1.18325,1.18348,1000000,1000000
2020-11-17,08:00:45.034,EUR/USD,Provider2,1.1832,1.18347,1000000,1000000
2020-11-17,08:00:45.110,EUR/USD,Provider3,1.18323,1.1835,500000,500000
2020-11-17,08:00:45.125,EUR/USD,Provider1,1.18326,1.18349,1000000,1000000
2020-11-17,08:00:45.161,EUR/USD,Provider3,1.18323,1.18349,500000,500000
2020-11-17,08:00:45.172,EUR/USD,Provider4,1.18314,1.18349,1000000,1000000
2020-11-17,08:00:45.200,EUR/USD,Provider1,1.18326,1.18348,1000000,1000000
2020-11-17,08:00:45.223,EUR/USD,Provider3,1.18324,1.1835,500000,500000
2020-11-17,08:00:45.262,EUR/USD,Provider2,1.18321,1.18348,1000000,1000000
2020-11-17,08:00:45.329,EUR/USD,Provider1,1.18326,1.18349,1000000,1000000
2020-11-17,08:00:45.386,EUR/USD,Provider1,1.18327,1.1835,1000000,1000000
2020-11-17,08:00:45.395,EUR/USD,Provider1,1.18326,1.18349,1000000,1000000
2020-11-17,08:00:45.398,EUR/USD,Provider1,1.18326,1.18348,1000000,1000000
2020-11-17,08:00:45.399,EUR/USD,Provider1,1.18325,1.18348,1000000,1000000
2020-11-17,08:00:45.400,EUR/USD,Provider3,1.18325,1.1835,500000,500000
2020-11-17,08:00:45.414,EUR/USD,Provider3,1.18322,1.18349,500000,500000
2020-11-17,08:00:45.415,EUR/USD,Provider2,1.1832,1.18348,1000000,1000000
2020-11-17,08:00:45.430,EUR/USD,Provider1,1.18324,1.18347,1000000,1000000
2020-11-17,08:00:45.441,EUR/USD,Provider1,1.18324,1.18348,1000000,1000000
2020-11-17,08:00:45.462,EUR/USD,Provider1,1.18325,1.18348,1000000,1000000
2020-11-17,08:00:45.469,EUR/USD,Provider1,1.18324,1.18347,1000000,1000000
2020-11-17,08:00:45.477,EUR/USD,Provider2,1.18319,1.18347,1000000,1000000
2020-11-17,08:00:45.493,EUR/USD,Provider4,1.18313,1.18347,1000000,1000000
2020-11-17,08:00:45.504,EUR/USD,Provider3,1.18321,1.18349,500000,500000
2020-11-17,08:00:45.540,EUR/USD,Provider1,1.18324,1.18346,1000000,1000000
2020-11-17,08:00:45.542,EUR/USD,Provider2,1.18318,1.18346,1000000,1000000
2020-11-17,08:00:45.554,EUR/USD,Provider1,1.18323,1.18346,1000000,1000000
2020-11-17,08:00:45.556,EUR/USD,Provider3,1.18321,1.18347,500000,500000
2020-11-17,08:00:45.572,EUR/USD,Provider1,1.18323,1.18345,1000000,1000000
2020-11-17,08:00:45.574,EUR/USD,Provider1,1.18323,1.18346,1000000,1000000
2020-11-17,08:00:45.612,EUR/USD,Provider3,1.1832,1.18348,500000,500000
2020-11-17,08:00:45.632,EUR/USD,Provider3,1.18321,1.18347,500000,500000
2020-11-17,08:00:45.710,EUR/USD,Provider2,1.18318,1.18345,1000000,1000000
2020-11-17,08:00:45.755,EUR/USD,Provider4,1.18311,1.18345,1000000,1000000
2020-11-17,08:00:45.938,EUR/USD,Provider2,1.18318,1.18346,1000000,1000000
2020-11-17,08:00:46.074,EUR/USD,Provider3,1.1832,1.18348,500000,500000
2020-11-17,08:00:46.118,EUR/USD,Provider2,1.18318,1.18345,1000000,1000000
2020-11-17,08:00:46.236,EUR/USD,Provider3,1.18321,1.18347,500000,500000
2020-11-17,08:00:46.256,EUR/USD,Provider4,1.1831,1.18345,1000000,1000000
2020-11-17,08:00:46.596,EUR/USD,Provider3,1.18322,1.18347,500000,500000
2020-11-17,08:00:46.645,EUR/USD,Provider1,1.18324,1.18346,1000000,1000000
2020-11-17,08:00:46.647,EUR/USD,Provider2,1.18318,1.18346,1000000,1000000
2020-11-17,08:00:46.648,EUR/USD,Provider4,1.18312,1.18346,1000000,1000000
2020-11-17,08:00:46.667,EUR/USD,Provider1,1.18324,1.18347,1000000,1000000
2020-11-17,08:00:46.692,EUR/USD,Provider3,1.18322,1.18348,500000,500000
2020-11-17,08:00:46.743,EUR/USD,Provider3,1.1832,1.18349,500000,500000
2020-11-17,08:00:46.751,EUR/USD,Provider1,1.18324,1.18348,1000000,1000000
2020-11-17,08:00:46.759,EUR/USD,Provider1,1.18325,1.18348,1000000,1000000
2020-11-17,08:00:46.760,EUR/USD,Provider2,1.18319,1.18347,1000000,1000000
2020-11-17,08:00:46.772,EUR/USD,Provider3,1.18323,1.18348,500000,500000
2020-11-17,08:00:46.785,EUR/USD,Provider4,1.18315,1.18349,1000000,1000000
2020-11-17,08:00:46.787,EUR/USD,Provider3,1.18323,1.18349,500000,500000
2020-11-17,08:00:46.802,EUR/USD,Provider2,1.1832,1.18348,1000000,1000000
2020-11-17,08:00:46.821,EUR/USD,Provider3,1.18324,1.1835,500000,500000
2020-11-17,08:00:46.826,EUR/USD,Provider1,1.18326,1.18348,1000000,1000000
2020-11-17,08:00:46.835,EUR/USD,Provider3,1.18325,1.1835,500000,500000
2020-11-17,08:00:46.847,EUR/USD,Provider1,1.18326,1.18349,1000000,1000000
2020-11-17,08:00:46.855,EUR/USD,Provider1,1.18327,1.1835,1000000,1000000
2020-11-17,08:00:46.864,EUR/USD,Provider2,1.18321,1.18349,1000000,1000000
2020-11-17,08:00:46.868,EUR/USD,Provider3,1.18325,1.18351,500000,500000
2020-11-17,08:00:46.905,EUR/USD,Provider1,1.18326,1.18349,1000000,1000000
2020-11-17,08:00:46.916,EUR/USD,Provider1,1.18328,1.1835,1000000,1000000
2020-11-17,08:00:46.923,EUR/USD,Provider1,1.18327,1.1835,1000000,1000000
2020-11-17,08:00:46.929,EUR/USD,Provider1,1.18326,1.1835,1000000,1000000
2020-11-17,08:00:47.000,EUR/USD,Provider1,1.18327,1.1835,1000000,1000000
2020-11-17,08:00:47.226,EUR/USD,Provider1,1.18326,1.18349,1000000,1000000
2020-11-17,08:00:47.230,EUR/USD,Provider2,1.18321,1.18348,1000000,1000000
2020-11-17,08:00:47.236,EUR/USD,Provider3,1.18323,1.18352,500000,500000
2020-11-17,08:00:47.263,EUR/USD,Provider3,1.18323,1.18351,500000,500000
2020-11-17,08:00:47.281,EUR/USD,Provider4,1.18314,1.18349,1000000,1000000
2020-11-17,08:00:47.289,EUR/USD,Provider3,1.18325,1.18351,500000,500000
2020-11-17,08:00:47.435,EUR/USD,Provider3,1.18323,1.18352,500000,500000
2020-11-17,08:00:47.475,EUR/USD,Provider2,1.18321,1.18348,1000000,800000
2020-11-17,08:00:47.496,EUR/USD,Provider3,1.18323,1.18351,500000,500000
2020-11-17,08:00:47.654,EUR/USD,Provider2,1.18321,1.18348,1000000,800000
2020-11-17,08:00:47.780,EUR/USD,Provider4,1.18313,1.18349,1000000,1000000
2020-11-17,08:00:47.868,EUR/USD,Provider2,1.18321,1.18348,1000000,1000000
2020-11-17,08:00:47.895,EUR/USD,Provider1,1.18326,1.18348,1000000,1000000
2020-11-17,08:00:48.045,EUR/USD,Provider1,1.18325,1.18348,1000000,1000000
2020-11-17,08:00:48.057,EUR/USD,Provider1,1.18324,1.18348,1000000,1000000
2020-11-17,08:00:48.106,EUR/USD,Provider3,1.18324,1.1835,500000,500000
2020-11-17,08:00:48.112,EUR/USD,Provider1,1.18325,1.18348,1000000,1000000
2020-11-17,08:00:48.114,EUR/USD,Provider2,1.1832,1.18347,1000000,1000000
2020-11-17,08:00:48.125,EUR/USD,Provider3,1.18323,1.18349,500000,500000
2020-11-17,08:00:48.126,EUR/USD,Provider4,1.18312,1.18347,1000000,1000000
2020-11-17,08:00:48.139,EUR/USD,Provider1,1.18324,1.18348,1000000,1000000
2020-11-17,08:00:48.141,EUR/USD,Provider1,1.18325,1.18348,1000000,1000000
2020-11-17,08:00:48.143,EUR/USD,Provider1,1.18326,1.18348,1000000,1000000
2020-11-17,08:00:48.155,EUR/USD,Provider1,1.18325,1.18348,1000000,1000000
2020-11-17,08:00:48.157,EUR/USD,Provider1,1.18324,1.18348,1000000,1000000
2020-11-17,08:00:48.158,EUR/USD,Provider1,1.18325,1.18348,1000000,1000000
2020-11-17,08:00:48.159,EUR/USD,Provider3,1.18324,1.18349,500000,500000
2020-11-17,08:00:48.171,EUR/USD,Provider1,1.18324,1.18347,1000000,1000000
2020-11-17,08:00:48.173,EUR/USD,Provider1,1.18325,1.18348,1000000,1000000
2020-11-17,08:00:48.174,EUR/USD,Provider2,1.18319,1.18346,1000000,1000000
2020-11-17,08:00:48.176,EUR/USD,Provider1,1.18324,1.18348,1000000,1000000
2020-11-17,08:00:48.192,EUR/USD,Provider3,1.18323,1.18349,500000,500000
2020-11-17,08:00:48.231,EUR/USD,Provider1,1.18325,1.18348,1000000,1000000
2020-11-17,08:00:48.256,EUR/USD,Provider2,1.1832,1.18347,1000000,1000000
2020-11-17,08:00:48.282,EUR/USD,Provider1,1.18326,1.18349,1000000,1000000
2020-11-17,08:00:48.287,EUR/USD,Provider1,1.18326,1.1835,1000000,1000000
2020-11-17,08:00:48.315,EUR/USD,Provider3,1.18323,1.18348,500000,500000
2020-11-17,08:00:48.325,EUR/USD,Provider3,1.18324,1.1835,500000,500000
